3876 5604
327 525 693 612 mmbufflm

823 655 948 717 »nescit
971 672 1079 736 equo
1111 653 1231 716 rudis

820 742 999 806 haerere
1031 743 1193 824 ingenuus
1217 763 1328 825 puer«.

385 893 387 897 ·
434 872 489 936 Ex
515 869 672 954 ‘diligenti
695 871 863 952 utriusque
888 865 954 932 loci
977 869 1225 949 comparatione
1258 864 1429 932 enuntiata
1460 864 1588 949 singula
1612 863 1743 929 Sidonii
1778 865 1825 928 ad

328 963 531 1026 Venusinam
548 962 779 1026 auctoritatem
796 978 902 1042 prope
918 959 1077 1022 accedere
1094 956 1218 1038 elucet;
1238 975 1338 1039 quare
1354 955 1442 1020 illam
1455 954 1582 1020 Sidonii
1595 957 1825 1022 narrationem

326 1051 543 1134 aequabiliter
565 1070 608 1114 ex
623 1047 832 1131 Apollinaris
856 1050 1014 1111 memoria
1037 1045 1187 1113 Statiana
1211 1058 1311 1129 atque
1335 1046 1514 1110 Horatiana
1539 1045 1673 1108 fluxisse
1697 1045 1826 1108 merito
1915 1050 1925 1117 ξ

293 1215 296 1220 ,
325 1140 488 1205 adfirmari
511 1141 630 1206 licebit.

433 1267 536 1330 Porro
560 1265 717 1329 Horatius
740 1283 838 1332 carm.
862 1261 925 1343 111,
950 1262 1004 1345 26,
1029 1283 1058 1329 v.
1082 1263 1105 1328 4
1128 1281 1199 1346 sqq.
1224 1282 1298 1327 sese
1322 1261 1417 1345 sequi
1435 1261 1601 1326 Venerem
1623 1259 1691 1326 iam
1715 1261 1826 1324 desti·

325 1357 405 1423 tisse
430 1356 569 1439 exponit
592 1355 768 1438 pergitque
791 1353 879 1418 hunc
910 1354 942 1416 in
967 1353 1119 1417 modum:

644 1478 877 1544 barbiton
913 1476 967 1540 bic
1001 1478 1165 1560 paries
1198 1475 1403 1541 habebit

645 1569 752 1632 laev
765 1589 785 1631 u
798 1588 830 1631 m
864 1569 1009 1632 marinae
1033 1567 1088 1648 qui
1112 1563 1255 1630 Veneris
1279 1565 1365 1630 latus

644 1658 807 1737 custodit;
832 1655 895 1733 bic,
923 1655 978 1720 hic
1002 1655 1118 1740 ponite
1141 1691 1185 1703 —-
1208 1666 1320 1720 vestes
1344 1665 1378 1719 et
1400 1674 1526 1718 arcus

325 1783 432 1848 Huius
463 1784 691 1867 explicationis
723 1781 1008 1866 significationem,
1040 1779 1075 1845 ni
1106 1781 1209 1859 fallor,
1241 1793 1293 1846 sat
1325 1777 1540 1860 conspicuam
1565 1776 1825 1860 deprehendere

323 1895 503 1958 possumus
528 1875 616 1956 apud
641 1871 792 1955 Sollium,
817 1873 871 1955 qui
896 1871 930 1936 in
954 1891 1052 1936 carm.
1076 1868 1181 1952 XXII,
1206 1891 1237 1936 v.
1262 1890 1332 1953 sqq.
1357 1870 1439 1933 haec
1463 1870 1600 1952 praebet
1624 1867 1741 1931 verba:

558 1999 601 2063 la
614 2018 631 2061 e
644 2019 665 2061 v
678 2018 698 2060 a
722 2008 862 2079 parte
885 2007 929 2061 te
943 2008 1021 2061 net
1045 2006 1141 2060 vasta
1164 1991 1340 2059 dulcedine
1363 2014 1496 2057 raucam

560 2135 569 2152 .
593 2136 601 2152 .
625 2136 633 2156 .
657 2086 805 2170 lyram,
830 2107 907 2170 pars
932 2086 1051 2150 dextra
1074 2086 1268 2167 sagittas
1295 2082 1297 2168 l
1324 2081 1496 2148 continent
1521 2103 1548 2149 e.
1572 2104 1604 2164 q.
1629 2101 1653 2148 s
1933 2099 1934 2174 q

322 2215 398 2279 Non
423 2235 508 2297 opus
531 2225 583 2279 est
616 2210 842 2278 admonitione
875 2223 982 2277 totum
1016 2210 1145 2275 illorum
1165 2203 1347 2275 ¹verborum
1378 2209 1523 2274 colorem
1559 2230 1633 2273 cum
1666 2208 1822 2271 oratione

322 2324 488 2387 conguere
512 2303 704 2368 Horatiana.
751 2298 824 2364 Iam
848 2300 985 2383 singula,
1011 2300 1114 2367 lector
1139 2301 1309 2377 benevole,
1335 2319 1459 2382 quaeso
1485 2298 1666 2365 examines!

429 2447 579 2510 Duorum
615 2458 726 2510 autem
762 2443 909 2509 locorum
944 2444 1206 2510 Horatianorum
1245 2447 1404 2509 memoria
1445 2446 1541 2509 nobis
1581 2445 1744 2506 excitatur
1785 2442 1819 2502 in

321 2535 536 2620 perlegendis
559 2534 712 2600 versibus
736 2533 934 2615 Sidonianis‚
960 2538 1015 2616 qui
1038 2533 1252 2600 inveniuntur
1274 2533 1309 2597 in
1334 2555 1431 2601 carm.
1457 2531 1517 2608 IX,
1543 2533 1608 2598 318
1632 2552 1705 2614 sqq.

641 2679 713 2744 Nos
736 2680 832 2744 valde
856 2678 975 2746 sterilis
999 2682 1118 2743 modos
1143 2679 1308 2743 Camenae

640 2789 733 2833 rarae
757 2771 921 2833 credimus
944 2769 1007 2832 hos
1031 2767 1193 2850 brevique
1218 2770 1360 2846 chartae,

640 2879 727 2940 quae
751 2860 922 2923 scombros
947 2861 1065 2924 merito
1089 2862 1250 2942 piperque
1273 2867 1416 2941 portet.
1441 2908 1448 2924 .
1472 2907 1479 2921 .

640 2961 676 3012 ut
699 2947 752 3012 vel
776 2949 956 3031 suscipiens
980 2948 1088 3014 bonos
1111 2950 1232 3013 odores
1256 2967 1283 3014 e.
1308 2968 1339 3028 q.
1363 2967 1388 3012 s.

319 3093 466 3159 Primum
490 3091 578 3156 enim
602 3091 804 3174 Apollinaris
830 3093 959 3158 videtur
983 3093 1176 3159 recordatus
1201 3113 1274 3157 esse
1299 3093 1427 3156 Horatii
1450 3101 1512 3156 sat.
1537 3090 1562 3169 1,
1584 3089 1615 3164 4,
1640 3108 1671 3154 ν.
1697 3085 1737 3151 18
1762 3107 1815 3166 sq.

536 3237 587 3302 »di
612 3237 698 3300 bene
723 3234 881 3314 fecerunt,
905 3234 1016 3319 inopis
1040 3257 1093 3300 me
1118 3240 1273 3321 quodque
1297 3237 1404 3320 pusilli

532 3325 696 3391 finxerunt
719 3323 823 3389 animi
847 3347 955 3391 raro
979 3340 1012 3391 et
1035 3347 1280 3410 perpauca
1304 3328 1587 3410 loquentis«

319 3454 404 3518 adde
429 3453 509 3516 Hor.
535 3473 561 3519 c.
585 3449 631 3528 Π,
658 3452 709 3530 16,
734 3453 776 3518 38
801 3473 849 3533 sq.

483 3574 657 3658 »spiritum
682 3575 804 3652 Graiae
828 3590 841 3643 t
855 3598 872 3641 e
885 3600 905 3641 n
919 3600 938 3641 u
952 3599 970 3642 e
984 3601 1016 3644 m
1041 3581 1098 3645 Ca
1112 3601 1271 3645 menae
1298 3577 1301 3666 l
1327 3581 1429 3644 Parca
1454 3616 1494 3626 -
1520 3577 1645 3644 dedit«

319 3723 380 3786 His
404 3719 487 3785 locis
504 3733 643 3802 uterque
659 3730 760 3804 poeta
777 3722 819 3786 de
843 3723 963 3806 ingenii
980 3727 1029 3788 sui
1052 3723 1277 3790 imbecillitate
1292 3726 1393 3789 verba
1409 3727 1496 3808 facit,
1514 3747 1578 3807 qua
1601 3723 1809 3804 impediatur,

319 3809 497 3894 quominus
521 3813 624 3875 multa
649 3820 706 3876 aut
737 3815 907 3894 ingeniosa
930 3825 1056 3896 pangat
1091 3826 1256 3897 poemata.
1303 3812 1458 3879 Sidonius
1491 3826 1603 3880 autem
1636 3814 1668 3875 in
1700 3815 1808 3893 expri-

319 3903 438 3966 menda
462 3901 626 3966 sententia
650 3899 772 3965 similia
788 3900 900 3965 Flacci
923 3905 1090 3968 enuntiata
1113 3902 1178 3967 sibi
1202 3905 1387 3969 vindicavit.
1414 3905 1566 3987 Namque
1590 3904 1808 3967 Horatianum

318 3990 396 4055 illud
437 3987 609 4072 »spiritum
647 4001 779 4055 tenuem
818 3991 1001 4056 Camenae«
1043 3993 1224 4058 luculenter
1269 3993 1463 4076 conspirare
1509 4013 1585 4058 cum
1623 3989 1808 4056 Sidoniano

322 4079 489 4165 ›sterilis¹)
523 4082 641 4145 modos
665 4078 848 4145 Camenae«
883 4092 983 4164 atque
1018 4082 1197 4148 dictionem
1231 4104 1324 4147 »raro
1360 4094 1393 4148 et
1428 4103 1593 4166 perpauca
1617 4081 1803 4164 loquentis«

318 4170 406 4234 haud
432 4169 516 4233 male
540 4171 741 4252 respondere
765 4167 811 4233 illi
840 4191 951 4235 »rarae
985 4171 1151 4237 credimus
1173 4172 1333 4256 brevique
1358 4171 1512 4238 chartae«
1549 4173 1621 4256 quis
1645 4183 1705 4247 est,
1730 4172 1806 4253 quin

317 4257 516 4341 intellegat?
542 4293 580 4304 -
607 4258 705 4324 Alter
726 4259 852 4325 Horatii
878 4259 980 4338 locus,
1006 4262 1061 4344 qui
1085 4262 1149 4326 huc
1173 4261 1363 4328 referendus
1387 4273 1447 4338 est,
1481 4261 1599 4345 legitur
1622 4263 1655 4325 in
1679 4257 1805 4343 epistul.

317 4346 362 4425 II,
391 4351 405 4412 l
425 4358 509 4412 extr.
532 4358 606 4412 »tus
630 4360 664 4412 et
688 4351 835 4412 odore
849 4369 865 4412 s
882 4347 885 4435 l
905 4362 937 4415 et
961 4349 1105 4433 piper
1126 4362 1162 4416 et
1176 4350 1337 4434 quidquid
1354 4351 1473 4418 chartis
1492 4354 1640 4416 amicitur
1655 4351 1802 4432 ineptis«

317 4435 428 4502 Minus
453 4448 542 4501 recte
566 4435 780 4520 Bitschofsky
804 4436 893 4524 (pag.
918 4440 976 4524 49)
999 4439 1097 4504 huius
1122 4439 1282 4524 epistulae
1307 4461 1421 4505 versus
1446 4439 1637 4506 266-270
1660 4443 1805 4521 integros

317 4547 392 4604 cum
416 4526 540 4592 Sidonii
564 4525 639 4590 loco
665 4529 861 4610 composuit.

423 4673 602 4754 Pergentes
627 4669 661 4735 in
685 4673 929 4754 perscrutandis
953 4671 1197 4740 imitationibus
1221 4673 1411 4740 Sidonianis
1435 4673 1631 4740 incurrimus
1653 4675 1684 4736 in
1708 4691 1804 4756 argu·
1908 4657 1934 4686 '¹

317 4771 473 4837 mentum,
498 4762 589 4843 quod
613 4759 780 4826 Geislerus
805 4761 896 4849 (diss.
919 4784 952 4846 p.
979 4762 1029 4846 18)
1053 4783 1170 4847 parum
1194 4775 1344 4830 accurate
1376 4783 1450 4828 cum
1474 4762 1672 4848 quibusdam
1695 4763 1804 4828 Flacci

317 4850 464 4914 versibus
489 4853 702 4933 comparavit.
748 4852 811 4916 Est
835 4850 923 4916 enim
947 4851 1039 4917 locus
1065 4854 1139 4917 bic:
1163 4853 1230 4919 Sid.
1255 4874 1282 4918 c.
1306 4852 1420 4934 XVII,
1445 4876 1475 4919 v.
1503 4853 1543 4920 15
1567 4874 1615 4939 sq.

425 4992 444 5060 ¹)
466 4995 588 5046 Fortasse
607 4996 703 5047 rectius
722 4993 886 5050 scribendum
906 5006 945 5049 est
964 4999 1085 5063 „steriles
1110 5001 1217 5050 modos“
1239 5001 1308 5050 sicut
1331 5007 1411 5065 poeta
1432 5001 1578 5051 Venusinus
1599 5001 1663 5050 dicit
1683 5007 1801 5062 „tenuem

319 5065 458 5134 spiritum'‘
479 5068 576 5118 maiore
595 5083 654 5120 usus
676 5069 814 5134 elegantia.
