3876 5604
943 1307 1004 1377 IV.

331 1474 404 1555 Jam
429 1495 509 1558 vero
534 1474 770 1556 disputatione,
802 1482 966 1555 quatenus
997 1473 1199 1554 Apollinaris
1233 1493 1336 1536 voces
1358 1471 1585 1537 locutionesve
1609 1493 1627 1537 e
1650 1495 1719 1540 car·

229 1563 369 1626 minibus
408 1565 586 1626 Venusinis
622 1563 785 1643 petiverit,
810 1562 977 1625 adfinem
1013 1563 1174 1644 perducta
1198 1563 1399 1647 inquiramus
1424 1559 1455 1625 in
1479 1562 1717 1637 similitudines,

230 1674 314 1732 quae
340 1655 424 1717 inter
448 1673 602 1716 versuum
627 1655 797 1735 utriusque
821 1664 943 1734 poetae
966 1651 1088 1714 formas
1113 1662 1362 1732 structurasque
1385 1652 1603 1718 intercedunt.
1616 1653 1719 1717 Nam·

229 1763 293 1823 que
318 1742 457 1806 multum
481 1744 514 1805 id
537 1744 580 1806 ad
603 1739 728 1805 Sidonii
753 1742 969 1805 imitationem
992 1739 1209 1804 Horatianam
1233 1740 1343 1804 valere
1363 1742 1503 1815 videtur,
1529 1763 1596 1823 quo
1618 1754 1718 1824 pacto

228 1852 247 1893 a
271 1843 403 1912 poeta
427 1830 506 1895 illo
531 1831 691 1894 formas
715 1831 850 1912 magis
875 1849 996 1912 quam
1020 1850 1088 1894 res
1112 1829 1284 1893 colente
1317 1829 1399 1892 haec
1423 1831 1652 1896 administrata
1675 1836 1718 1898 sit

228 1922 405 2001 provincia.
444 1919 556 1984 Nihilo
593 1940 672 1983 vero
707 1923 809 1984 setius
845 1940 943 1982 nemo
981 1921 1126 1982 virorum
1161 1919 1334 1985 doctorum
1366 1920 1461 1982 huius
1486 1921 1532 1982 rei
1556 1921 1717 1986 rationem

228 2011 351 2076 habuit.
377 2010 592 2094 Quapropter
615 2029 681 2072 non
706 2009 848 2074 alienum
872 2012 1002 2074 videtur
1026 2027 1179 2072 versuum
1204 2008 1408 2090 singulorum
1432 2007 1595 2073 clausulas
1619 2022 1718 2094 atque

228 2100 317 2164 initia
353 2121 575 2181 versuumque
611 2099 758 2182 prolerre
792 2100 925 2180 formas,
966 2119 1048 2181 quas
1083 2095 1221 2163 Sollium
1256 2097 1377 2160 Flacco
1401 2099 1523 2162 debere
1547 2100 1717 2182 probabile

228 2199 288 2253 est.
322 2227 366 2235 —
401 2189 563 2252 Nimirum
597 2191 623 2252 si
654 2192 764 2253 omnia
796 2190 890 2252 huius
923 2188 1053 2271 generis
1088 2198 1283 2270 argumenta
1320 2188 1521 2269 respicimus,
1554 2190 1717 2254 interdum

228 2280 384 2361 distingui
416 2281 540 2362 nequit,
578 2289 685 2342 utrum
724 2279 876 2343 consulto
911 2279 1075 2360 quaedam
1099 2280 1141 2340 ab
1166 2278 1307 2340 Horatio
1331 2286 1498 2341 mutuatus
1522 2279 1565 2342 sit
1587 2277 1718 2360 Apolli·

228 2367 437 2431 narisanilla
461 2371 792 2450 deprompserit
815 2389 867 2431 ex
886 2366 1368 2450 supellectiliapoetis
1392 2368 1717 2433 vetustioribus

229 2459 489 2539 conquisita.
525 2458 678 2532 Accedit,
711 2459 801 2539 quod
836 2457 985 2538 lingua
1019 2459 1092 2539 ipsa
1126 2456 1285 2520 Latina
1320 2455 1424 2520 talis
1460 2468 1536 2536 est,
1573 2457 1717 2538 qualis

229 2546 496 2611 naturaliter
518 2549 557 2609 in
582 2550 792 2629 quosdam
817 2567 974 2610 versus
999 2547 1148 2610 exitus
1171 2545 1367 2626 inclinet
1392 2543 1548 2610 Ceterum
1572 2547 1715 2611 declau-

229 2634 372 2699 sularum
395 2635 522 2699 illarum
546 2638 578 2699 vi
594 2647 695 2717 atque
719 2636 846 2717 origine
870 2634 967 2717 plane
992 2635 1163 2698 consentio
1187 2655 1261 2696 cum
1278 2633 1427 2698 Antonio
1452 2634 1636 2718 Zingerleo‚
1660 2639 1716 2718 qui

230 2744 349 2805 magna
373 2746 447 2788 cum
472 2726 642 2808 diligentia
665 2725 841 2808 subtilique
866 2726 986 2788 iudicio
1012 2725 1072 2787 hac
1097 2726 1138 2786 de
1155 2743 1191 2786 re
1208 2725 1311 2787 verba
1334 2726 1410 2787 fecit
1426 2725 1457 2786 in
1474 2723 1585 2788 libello
1609 2726 1717 2790 bonae

228 2812 327 2896 lrugis
351 2815 450 2897 pleno
476 2817 541 2878 ›Zu
561 2822 716 2897 spateren
740 2815 953 2880 lateinischen
978 2813 1153 2877 Dichtem·
1175 2811 1201 2884 1,
1216 2834 1247 2892 p.
1262 2812 1418 2878 44-103
1446 2813 1715 2879 ›Wiederholun·

227 2923 289 2983 gen
313 2906 356 2967 im
381 2903 594 2976 lateinischen
630 2904 984 2968 Hexameterschlusse
1009 2905 1075 2966 und
1099 2906 1199 2967 deren
1223 2900 1496 2987 Entstehung‹.¹)
1522 2902 1604 2967 Cum
1628 2903 1718 2970 litte-

226 3005 316 3056 ratus
340 2993 394 3055 ille
418 2997 467 3057 vir
491 2993 603 3057 multis
629 2996 669 3057 de
693 2995 799 3056 causis
823 2992 900 3056 huic
924 2995 980 3070 rei,
1000 3013 1086 3074 quae
1110 2995 1190 3056 satis
1214 2992 1445 3056 oblectationis
1469 2993 1619 3074 praebet,
1645 3014 1715 3057 ma-

223 3103 326 3164 gnum
351 3096 556 3147 momentum
581 3086 779 3166 adsignaret,
805 3103 845 3145 ea
869 3103 1001 3164 quoque
1019 3102 1178 3145 excausa
1201 3080 1265 3143 hoc
1288 3092 1390 3162 caput
1413 3085 1597 3164 quaestioni
1622 3103 1717 3148 meae

225 3174 364 3250 intexui,
390 3183 425 3236 ut
449 3172 571 3255 aliquid
596 3193 639 3234 ex
663 3192 737 3235 mea
761 3193 894 3253 quoque
917 3185 1017 3258 ¹parte
1042 3169 1206 3235 adferrem
1230 3172 1272 3235 ad
1298 3172 1535 3236 examinandas
1560 3175 1715 3248 rationes,

225 3282 310 3342 quae
335 3262 420 3326 inter
444 3283 559 3325 omnes
584 3260 651 3326 lere
680 3265 792 3345 epicos
816 3262 1044 3326 Romanorum
1069 3272 1188 3342 poetas
1213 3271 1347 3324 exstent
1370 3263 1402 3323 in
1426 3262 1525 3324 rebus
1560 3264 1716 3346 imprimis

226 3354 268 3415 ad
292 3351 432 3414 sormam
469 3352 718 3432 pertinentibus,
741 3351 859 3432 Itaque
884 3354 930 3415 uti
955 3354 1073 3424 omnia,
1115 3370 1199 3432 quae
1235 3351 1299 3412 huc
1334 3360 1496 3432 spectant,
1521 3363 1717 3433 argumenta

226 3439 259 3502 in
295 3461 359 3503 uno
392 3452 573 3522 conspectu
598 3462 731 3523 ponam,
772 3440 825 3504 illa
850 3461 983 3524 quoque
1021 3440 1176 3520 exempla
1214 3459 1403 3521 proponere
1427 3439 1597 3517 constitui,
1630 3461 1715 3524 quae

227 3531 377 3610 partibus
403 3531 622 3595 anterioribus
646 3532 678 3593 in
702 3532 840 3596 transitu
865 3533 970 3612 attigi.
994 3528 1049 3593 .In
1073 3531 1124 3593 his
1149 3528 1322 3591 nonnullae
1358 3549 1513 3592 versuum
1536 3531 1715 3613 particulae

226 3619 390 3700 leguntur,
417 3640 499 3701 quas
523 3623 591 3684 sine
610 3619 673 3682 ulla
690 3622 916 3684 controversia
933 3641 976 3683 ex
991 3621 1085 3700 poesi
1102 3617 1287 3681 Horatiana
1310 3618 1513 3700 Apollinaris
1538 3622 1717 3706 decerpsin

226 3729 308 3787 quas
331 3711 434 3790 prio
449 3712 569 3773 ribus
594 3709 753 3773 collocavi
776 3709 865 3776 locis.
1151 3723 1154 3730 ’

641 3869 674 3956 α)
710 3868 1296 3934 Versuumclausulae.

334 4011 610 4089 Sid.c.11,204
649 4012 1051 4077 innumerabilibus
1086 4012 1347 4095 legionibus
1385 4014 1715 4096 imperitabant

335 4102 414 4165 Hor.
438 4115 498 4167 sat.
522 4104 546 4186 l,
572 4104 601 4181 6,
624 4102 645 4166 4
670 4152 677 4166 .
704 4156 710 4168 .
733 4106 787 4184 qui
812 4105 978 4184 magnis
1002 4102 1255 4184 legionibus
1279 4101 1632 4188 imperitarenffl)

330 4225 397 4293 Sid.
422 4248 449 4292 c.
474 4225 520 4310 Π,
545 4227 610 4292 310
637 4281 643 4292 .
668 4279 676 4294 .
702 4275 708 4290 .
734 4247 817 4290 non
841 4240 906 4292 est
930 4231 1053 4291 modo
1078 4229 1186 4290 dicere
1211 4240 1387 4308 tempus

331 4316 412 4383 Hor.
438 4328 497 4384 sat.
522 4315 567 4397 II,
591 4319 621 4401 4,
648 4319 663 4380 1
692 4368 698 4381 .
725 4367 732 4383 .
757 4362 765 4379 .
790 4327 967 4381 nonest
992 4317 1098 4379 mihi
1122 4329 1292 4399 tempus
1316 4319 1435 4384 aventi.

331 4440 397 4507 Sid.
422 4463 448 4508 c.
473 4442 510 4526 Il,
535 4441 600 4508 357
624 4492 631 4508 .
657 4492 663 4507 .
690 4462 715 4520 .;
741 4461 863 4524 quem
889 4463 946 4505 cur
969 4440 1097 4505 nimis
1122 4443 1237 4517 oderit,
1263 4444 1371 4508 audi.

330 4532 410 4599 Hor.
435 4531 540 4614 epsl,
566 4533 596 4614 2,
621 4530 641 4596 5
667 4580 674 4594 .
700 4582 729 4615 .,
754 4531 837 4595 nisi
862 4533 964 4612 quid
988 4543 1020 4597 te
1046 4532 1182 4614 detinet,
1208 4533 1318 4595 audi.

332 4690 351 4759 ¹)
373 4693 412 4744 Cl.
434 4695 548 4744 eiusdem
569 4694 705 4758 scriptoris
728 4693 854 4756 „Ovidius
874 4710 899 4744 u.
919 4711 937 4742 s.
959 4693 1122 4742 νει-11111111*
1144 4697 1194 4742 cel.
1215 4693 1262 4757 Ill,
1283 4708 1306 4755 p.
1327 4695 1377 4750 84;
1396 4694 1428 4743 A.
1451 4694 1558 4758 Viertet
1581 4696 1627 4753 „de
1657 4711 1712 4746 ver·

224 4765 294 4814 sibus
316 4773 454 4829 poetarum
476 4767 628 4816 Latinorum
648 4765 811 4830 spondiacis“
833 4767 857 4814 in
886 4765 973 4829 Jalmii
1003 4766 1086 4813 annal.
1121 4764 1188 4814 1863
1221 4781 1247 4827 p.
1275 4766 1327 4814 801
1359 4781 1414 4829 sqq.
1452 4767 1591 4816 Praeterea
1620 4767 1654 4817 ci.
1683 4769 1713 4817 E.

220 4832 452 4972 lljlldgplsrlijlggll
472 4840 553 4890 annai.
586 4833 655 4888 1866
674 4855 700 4901 p.
722 4840 772 4888 (131
793 4851 848 4904 sqq.
871 4844 895 4885 et
916 4837 980 4888 Luc.
1000 4836 1117 4886 lliueiieri
1137 4837 1168 4886 de
1196 4852 1224 4884 re
1244 4836 1350 4884 metrica
1372 4838 1452 4886 libros
1471 4843 1569 4902 septem
1599 4840 1638 4888 ed.
1667 4841 1712 4888 alt.

329 4993 349 5063 ²)
371 4995 465 5048 Variae
486 5000 605 5048 codicum
625 4998 781 5048 deteriorum
802 4999 928 5048 lectiones
948 5006 1019 5048 suut:
1045 4995 1247 5063 „imperitar·iut¹
1273 5002 1306 5044 'el
1335 4997 1527 5063 imper·itaruut;
1558 5000 1601 5050 sed
1631 5001 1712 5066 scrip·

222 5076 280 5118 tura
302 5071 516 5134 „imperitarent”
541 5071 640 5134 legibus
662 5071 837 5133 grarumaticis
857 5072 1015 5134 postulatum
1039 5070 1249 5133 ,,1111ρε1·11«11·11111α
1272 5070 1353 5118 lectio
1374 5075 1411 5117 est
1433 5070 1564 5126 facillima,

1660 5177 1678 5234 8
