3876 5604
891 1163 919 1231 1.

263 1334 448 1402 Exordium
484 1337 582 1420 igitur
617 1338 784 1420 capiamus
803 1331 862 1399 'ab
897 1335 936 1398 iis
970 1333 1051 1397 locis
1086 1331 1281 1409 sidonianis,
1319 1333 1437 1414 quibus
1468 1341 1571 1416 poeta
1595 1340 1653 1398 aut

157 1427 332 1491 Horatiani
356 1428 497 1490 nominis
521 1427 723 1492 mentionem
746 1426 835 1489 inicit
857 1435 914 1488 aut
937 1422 1046 1487 locum
1061 1423 1226 1504 quendam
1251 1442 1294 1486 ex
1318 1421 1426 1486 Flacci
1450 1421 1653 1486 carminibus

156 1515 271 1580 laudat
295 1517 496 1580 nominatim.
520 1515 704 1579 Verbosius
719 1524 830 1579 autem
854 1513 905 1577 his
928 1513 971 1577 de
994 1513 1074 1576 locis
1099 1512 1258 1576 disserere
1283 1511 1359 1575 ideo
1384 1511 1462 1577 mihi
1479 1511 1651 1596 proposui,

159 1605 237 1685 quia
272 1603 350 1669 inde
383 1605 523 1669 dilucide
558 1606 699 1688 p'erspici
733 1613 857 1686 potest.
893 1601 989 1684 quale
1013 1601 1166 1664 iudicium
1189 1598 1392 1706 Apollinaris
1416 1601 1459 1665 de
1483 1601 1652 1683 poematis

160 1693 353 1758 Horatianis
376 1693 496 1759 tulerit
541 1691 647 1758 Porro
670 1694 720 1757 his
744 1693 824 1756 locis
848 1692 936 1755 haud
959 1709 1055 1756 secus
1079 1702 1178 1772 atque
1203 1687 1285 1772 ipsis
1306 1687 1418 1754 verbis
1439 1690 1482 1753 ab
1506 1689 1650 1754 Horatio

158 1784 370 1865 depromptis
388 1784 566 1865 dispicitur,
590 1802 664 1846 cum
681 1793 813 1884 quanta·
828 1782 1009 1846 studiorum
1032 1776 1207 1862 diligentia
1230 1777 1339 1843 Flaccl
1362 1781 1505 1842 carmina
1529 1778 1650 1862 legerit

120 1883 264 1958 atque
287 1874 483 1954 cognoverit
505 1870 659 1936 Sidonius
683 1871 813 1952 idque'
805 1872 843 1933 ris
868 1871 1074 1953 potissimum
1097 1869 1187 1942 locis,
1219 1867 1306 1931 ubi
1298 1887 1371 1949 rpsa
1394 1869 1522 1958 Horatii
1545 1869 1651 1931 verba

161 1961 352 2026 laudantur:
391 1972 584 2045 poetam
623 1961 743 2024 enirn
781 1975 999 2023 summum
1037 1960 1081 2022 in
1119 1956 1206 2021 illa
1245 1957 1435 2038 quidem
1473 1967 1660 2040 poetae

161 2044 1658 2138 Venusinipoematastudiumimpendisseinfravidebimus.

269 2173 385 2257 Atque
419 2176 561 2258 primum
596 2176 729 2258 quidem
759 2173 931 2239 Horatiani
965 2173 1105 2238 nominis
1140 2169 1342 2235 mentionem
1378 2168 1520 2254 legimus
1556 2170 1655 2300 epist.

164 2263 186 2340 I
213 2263 264 2340 ss
290 2265 322 2328 1
566 2352 620 2416 vel
643 2352 796 2418 salutanti
820 2350 960 2417 Calaber
981 2347 1035 2414 ille
1058 2368 1126 2413 non
1149 2350 1249 2415 dixit:

71 2477 74 2499 ¹
168 2497 215 2557 »si
239 2496 324 2560 mala
348 2497 530 2562 condiderit
554 2499 586 2561 in
611 2516 709 2580 quern
734 2496 806 2578 quis
830 2496 973 2558 carmina
998 2495 1046 2557 ius
1070 2503 1122 2558 est
1145 2493 1396 2575 iudiciumque«.

271 2620 411 2686 Calaber
434 2622 487 2686 ille
511 2633 561 2686 est
585 2622 756 2703 Horatius;
781 2640 912 2686 versum
935 2619 988 2682 hic
1010 2618 1145 2683 allatum
1169 2617 1339 2682 Sidonium
1362 2616 1485 2682 debere
1509 2617 1651 2682 Horatio

65 2743 71 2750 ·
98 2707 105 2726 ¹
163 2707 238 2793 (sat.
262 2711 304 2785 ll,
331 2710 360 2787 1,
385 2711 428 2775 82
452 2710 513 2795 sq.)
549 2721 699 2790 nonest,
725 2711 814 2792 quod
849 2727 1012 2775 moneam.
1057 2706 1261 2814 Apollinaris
1284 2718 1405 2783 autem,
1442 2708 1498 2787 qui
1522 2704 1653 2772 Calabri

163 2799 247 2862 illius
276 2798 394 2864 librum
426 2821 530 2882 usque
559 2760 699 2865 lectione,
731 2800 892 2874 tractavit
922 2798 1011 2861 illurn
1043 2799 1112 2862 sine
1144 2797 1245 2861 dubio
1269 2794 1401 2871 evolvit,
1428 2806 1464 2860 ut
1486 2815 1526 2859 ea
1549 2796 1653 2859 verba

163 2891 375 2955 exscriberet.
408 2891 561 2972 Namque
585 2891 755 2953 Sidonium
794 2887 883 2952 illum
916 2908 1047 2951 versum
1079 2908 1123 2951 ex
1157 2885 1315 2956 memoria
1353 2885 1510 2968 petivisse
1547 2885 1654 2948 minus

162 2978 383 3061 probaverim.
431 2979 540 3060 Quam
577 2979 704 3043 Horatii
739 2980 870 3042 satiram
905 2975 1029 3041 Sidonii
1053 2997 1071 3039 e
1094 2975 1253 3040 memoria
1284 2993 1450 3055 nunquam
1485 2970 1654 3038 effluxisse

162 3067 244 3131 infra
267 3067 412 3149 liquebit.
436 3069 556 3151 Quin
547 3089 579 3131 ιιι
611 3068 698 3131 hac
690 3087 762 3149 rpsa
785 3066 925 3148 epistula
948 3064 1101 3129 Sidonius
1124 3067 1156 3147 (c
1138 3064 1176 3128 c.f
1193 3084 1265 3145 cap.
1284 3062 1458 3128 3solvitur
1473 3061 1654 3128 Catullinus

164 3159 196 3220 in
231 3157 342 3240 risum)
372 3168 424 3222 sat
446 3157 685 3223 luculententer
709 3155 870 3239 significat
897 3155 976 3219 illud
999 3155 1107 3218 Flacci
1129 3171 1266 3237 poema;
1302 3152 1386 3220 civ
1364 3149 1462 3218 v8.6
1486 3151 1654 3219 solventur

162 3249 228 3310 risu
260 3246 403 3312 tabulae.

270 3370 371 3435 Alter
393 3372 486 3436 locus
510 3382 622 3437 exstat
652 3372 739 3456 apud
765 3372 878 3437 Sidon.
903 3390 953 3452 ep
977 3370 1016 3443 ΙΙ,
1041 3370 1072 3447 9,
1097 3369 1119 3432 4
1146 3387 1241 3430 »narn
1265 3365 1376 3431 similis
1400 3366 1556 3432 scientiae
1580 3367 1652 3444 viri,

165 3459 243 3523 hinc
267 3461 476 3564 Augustinus
510 3462 586 3524 hinc
609 3461 726 3536 Varro,
762 3460 837 3523 binc
870 3461 1027 3524 Horatius
1061 3417 1137 3520 irinc
1159 3456 1354 3520 Prudentius
1387 3455 1653 3525 lectitabantur«

163 3547 243 3612 Hoc
277 3551 443 3632 igiturex
472 3550 546 3614 loco
571 3560 711 3634 apparet
740 3560 849 3615 aetate
873 3548 935 3627 illa,
970 3569 1034 3630 qua
1066 3547 1125 3611 luit
1148 3545 1311 3621 Sidonius,
1347 3546 1521 3610 Horatium
1545 3563 1652 3629 prope

166 3658 268 3701 unum
291 3639 553 3720 -posthabito
586 3640 725 3705 fortasse
760 3637 909 3722 Vergilio
942 3673 985 3685 -—
1018 3659 1063 3700 ex
1095 3636 1254 3700 universis
1282 3635 1510 3698 Romanorum
1543 3637 1653 3717 poetis

166 3727 451 3794 excellentissimis
474 3730 613 3795 adsidua
631 3729 772 3794 lectione
797 3747 869 3791 esse
892 3738 1082 3793 tractatum.

270 3854 471 3935 Saepissime
494 3865 605 3918 autem
629 3854 758 3920 Horatii
787 3872 908 3916 nomen
931 3852 1142 3935 propositum
1174 3851 1324 3915 videmus
1347 3850 1378 3913 in
1410 3859 1531 3914 octavo
1556 3850 1653 3931 epist.

164 3939 228 4006 Sid.
252 3940 344 4007 libro.
391 3942 537 4006 Primum
569 3946 668 4026 igitur
698 3964 750 4025 ep
786 3941 845 4018 ΙΧ,
882 3962 909 4009 c
947 3945 962 4006 l
1002 3943 1095 4022 »quia
1130 3939 1265 4005 forsitan
1300 3940 1465 4004 satiricum
1497 3936 1577 4003 illud
1611 3940 1654 4003 de

164 4032 295 4096 satirico
320 4020 386 4094 non
411 4033 608 4099 recordaris:
634 4042 724 4097 satur
748 4041 799 4096 est
821 4051 896 4095 cum
920 4032 998 4096 dicit
1020 4031 1178 4094 Horatius
1202 4029 1341 4094 euhoe«.
1370 4027 1540 4092 Sidonium
1566 4027 1652 4092 hunc

161 4140 292 4184 versum
317 4130 502 4185 mutuatum
526 4141 600 4185 esse
634 4122 675 4184 ab
695 4120 852 4227 Juvenale
876 4121 950 4204 (sat.
976 4117 1056 4200 VII,
1081 4120 1138 4204 62)
1171 4121 1366 4200 interpretes
1399 4116 1524 4182 Sidonii
1562 4127 1653 4182 recte

162 4212 355 4276 docuerunt
361 4208 384 4291 ¹)
409 4209 475 4274 Sed
499 4230 573 4272 curn
598 4210 651 4273 alii
674 4212 733 4273 viri
750 4211 838 4274 docti
861 4211 947 4272 hunc
970 4209 1080 4273 locum
1104 4209 1146 4272 ab
1165 4204 1323 4289 Juvenale
1347 4225 1496 4270 memore
1503 4199 1651 4272 Horatii

159 4298 249 4375 cll,
276 4298 326 4378 19,
351 4296 392 4364 15
416 4319 465 4382 sq.
491 4301 649 4381 scriptum
674 4319 747 4363 esse
770 4300 851 4364 scite
875 4299 1194 4372 animadvertissent,
1214 4297 1264 4379 Jo.
1288 4294 1414 4361 Savaro
1438 4296 1521 4360 baec
1547 4294 1653 4360 verba

159 4388 309 4470 profecta
333 4408 407 4452 esse
423 4389 607 4469 suspicatur
629 4389 672 4453 ab
688 4390 769 4452 Hor.
794 4399 854 4454 sat.
879 4388 902 4464 Ι,
929 4387 958 4464 5,
986 4386 1040 4467 12;
1064 4387 1117 4450 ille
1142 4389 1228 4450 enim
1251 4406 1312 4468 per
1335 4398 1479 4449 errorem
1504 4387 1548 4466 (v.
1573 4402 1653 4468 pag.

158 4477 239 4562 517)
262 4477 393 4542 Horatii
426 4478 537 4542 locum
571 4479 617 4542 ita
649 4479 774 4558 profert
811 4477 937 4541 »euhoe
972 4477 1037 4540 iam
1072 4479 1151 4541 satis
1175 4485 1244 4540 est«
1284 4485 1384 4556 atque
1416 4475 1653 4557 interpretatur

162 4566 410 4631 »bacchantium
434 4567 576 4631 ululatus
600 4570 631 4630 in
661 4569 793 4650 orgiis«.
841 4568 890 4630 At
912 4567 986 4648 ipso
1009 4565 1084 4629 loco
1107 4565 1290 4630 Horatiano
1313 4585 1379 4628 non
1414 4564 1560 4627 »euhoe«
1590 4565 1652 4628 sed

163 4655 264 4720 ›ohe‹
293 4655 419 4734 legitur,
445 4677 545 4739 quare
567 4656 744 4722 Savaronis
768 4657 932 4721 sententia
956 4665 992 4720 ut
1015 4675 1100 4719 vana
1123 4654 1286 4718 reicienda
1309 4665 1370 4719 est.
1396 4689 1439 4700 —
1462 4654 1593 4717 Deinde
1618 4653 1651 4717 in

159 4747 277 4810 eodem
300 4745 383 4808 libro
408 4745 517 4831 (epist.
540 4743 601 4826 JX,
626 4767 653 4812 c.
678 4746 698 4810 3
724 4767 752 4810 v.
776 4743 832 4828 24)
856 4745 995 4827 legimus
1017 4745 1114 4808 baec:
1150 4754 1224 4808 »aut
1248 4763 1314 4825 quo
1345 4752 1379 4808 tu
1404 4743 1537 4807 Latium
1569 4742 1649 4806 beas

159 4833 278 4899 Horati
300 4833 429 4898 Alcaeo
453 4834 569 4898 melior
592 4835 724 4917 lyristes
747 4835 854 4918 ipso«.
878 4832 1021 4900 Multum
1044 4853 1123 4898 sane
1146 4834 1181 4896 hi
1203 4852 1318 4898 versus
1341 4833 1386 4895 ad
1410 4851 1479 4896 rem
1503 4842 1655 4897 nostram

266 4973 338 5046 ¹.)0
358 4979 446 5029 Keller
464 4979 605 5030 versatur
597 4995 623 5028 ιιι
644 4991 737 5035 errore
758 4980 802 5044 qui
822 4975 927 5044 (epileg.
948 4995 979 5029 zu
997 4979 1061 5029 Hor.
1081 4995 1108 5044 p
1130 4974 1190 5044 176)
1211 4979 1277 5028 hune
1297 4993 1397 5028 versum
1417 4978 1532 5042 imputat
1551 4971 1655 5028 scholi·

157 5056 229 5100 astae
247 5049 377 5100 Iuvenalis
397 5051 512 5102 dicens.
530 5050 691 5102 Aurenses
710 5052 776 5102 Vers
796 5051 898 5100 scheiut
917 5050 1084 5116 auruspielen
1103 5050 1156 5114 Ap.
1177 5050 1265 5100 Sidon.
1298 5045 1368 5112 vlu.
1388 5051 1413 5099 9
1434 5049 1536 5100 Dareus
1557 5048 1655 5100 wieder

157 5128 319 5172 entnomrnen
339 5119 374 5171 iat
392 5121 473 5173 schol.
493 5117 551 5174 IuV.
572 5117 629 5179 ΙΙΙ,
649 5109 709 5174 62:
729 5119 805 5174 Satur
825 5122 865 5172 est
884 5127 934 5173 cet.
