3876 5604
859 329 1012 397 ..5-

189 549 245 614 lat.
270 547 448 612 Dichterm
475 543 503 620 Ι,
527 567 560 628 p.
587 542 667 629 11.¹)
706 543 883 610 Praeterea
907 547 1067 612 Martinus
1091 545 1193 610 Hertz
1217 565 1372 629 magnam
1395 556 1525 628 partem
1552 566 1679 622 eorum,

189 658 273 721 quae
298 637 467 717 usquead
491 654 612 698 annum
638 633 723 699 1882
747 635 897 697 homines
929 635 1064 701 litterati
1087 634 1152 697 hoc
1175 636 1207 698 in
1231 655 1352 719 genere
1385 647 1478 700 erant
1501 638 1680 717 persecuti,

188 726 383 810 complexus
425 737 476 790 est
509 745 612 805 opere
645 721 700 787 illo
741 723 915 805 praeclaris
959 723 1117 790 fructibus
1149 724 1326 808 uberrimo,
1357 725 1449 788 cuius
1481 724 1580 789 index
1611 737 1678 790 est:

111 841 115 849 ¹
186 816 351 880 Analecta
367 817 477 879 critica
492 814 535 877 ad
560 815 738 877 carminum
755 812 1012 878 Horatianorum
1034 810 1245 887 historiam.²)
1284 814 1432 896 Respicit
1447 812 1679 896 Apollinarem

112 983 116 990 Δ
187 904 357 969 Sidonium
381 905 534 968 Hertzius
557 903 613 969 1.1.
639 901 716 968 fasc.
739 901 784 966 V.
809 922 884 985 pag.
912 903 953 968 16
977 923 1025 984 sq.
1041 914 1074 967 et
1098 921 1174 984 pag.
1194 903 1235 970 19
1258 900 1379 967 notulis
1404 902 1422 968 l
1450 913 1483 967 et
1504 901 1525 965 6
1548 905 1680 971 additis.

188 995 286 1058 Nova
309 1003 421 1058 autem
444 991 675 1057 aemulationis
698 991 895 1056 Sidonianae
918 1003 1115 1075 argumenta
1138 994 1210 1072 ipse
1232 991 1341 1057 attulit
1365 989 1494 1076 nulla.³)

294 1082 440 1147 Ultimus
463 1081 527 1145 huc
551 1117 594 1128 -
619 1101 658 1145 ne
684 1082 763 1162 quid
792 1081 1059 1146 desideretur-
1083 1080 1273 1145 referendus
1305 1092 1357 1147 est
1381 1079 1510 1164 Eugeni
1539 1079 1680 1146 Geisleri

189 1171 318 1237 libellus
356 1173 416 1236 »de
440 1169 643 1254 Apollinaris
666 1169 790 1234 Sidonii
815 1170 962 1246 studiis«,
994 1169 1214 1235 Vratislaviae
1238 1191 1266 1236 a.
1293 1169 1379 1235 1885
1413 1171 1564 1235 emissus.
1611 1169 1680 1236 Suo

189 1273 280 1326 certe
296 1263 365 1324 iure
388 1262 483 1324 huius
499 1258 648 1341 opusculi
672 1269 787 1323 auctor
802 1257 1005 1322 Savaronem
1029 1259 1156 1322 curiose
1173 1261 1327 1343 respexit.
1355 1260 1531 1324 Praeterea
1555 1259 1678 1325 multos

191 1351 286 1413 locos
309 1350 446 1412 aliorum
463 1352 606 1412 virorum
632 1369 708 1411 cura
724 1350 925 1430 conquisitos
950 1347 1096 1431 protulit,
1113 1350 1173 1412 sed
1197 1350 1269 1431 ipse
1292 1350 1335 1413 de
1359 1368 1419 1412 suo
1442 1369 1550 1429 neque
1574 1349 1678 1415 multa

194 1459 301 1521 neque
327 1459 413 1502 nova
436 1439 564 1503 addidit
588 1438 705 1501 indicia
727 1439 776 1519 (p.
798 1435 836 1500 17
853 1436 929 1521 sq),
955 1458 1039 1519 quae
1064 1435 1293 1502 aemulationis
1310 1436 1508 1501 Sidonianae
1531 1440 1677 1519 speciem

192 1548 272 1611 prae
294 1548 329 1591 se
354 1527 487 1593 ferrent.
511 1526 666 1592 Ceterum
689 1528 774 1590 hanc
790 1527 1055 1591 dissertationem
1079 1537 1194 1591 auctor
1209 1524 1381 1590 corollario
1405 1525 1460 1589 illo
1485 1526 1561 1592 Chr.
1577 1527 1678 1594 Luet·

189 1616 328 1700 johanni
353 1617 488 1682 editioni
511 1618 642 1680 adiecto
666 1635 772 1697 paene
796 1635 1076 1697 supervacaneam
1100 1616 1252 1680 reddidit.

297 1705 378 1770 Post
393 1703 576 1769 Geislerum
594 1723 692 1768 nemo
708 1704 770 1767 hac
786 1705 827 1768 de
844 1725 878 1768 re
902 1704 1105 1769 subtiliorem
1122 1706 1350 1784 quaestionem
1367 1703 1491 1769 habuit.
1516 1703 1679 1770 Attamen

192 1792 374 1859 Geislerum
398 1795 545 1876 aliosque
569 1793 720 1858 homines
744 1794 863 1858 doctos
886 1793 1062 1859 Horatium
1085 1795 1142 1856 vix
1164 1805 1233 1858 tam
1265 1802 1416 1857 accurate
1440 1793 1573 1857 novisse
1605 1813 1682 1858 con·

192 1884 303 1963 tendo,
337 1903 436 1965 quam
467 1880 669 1964 Apollinaris
703 1902 825 1964 gnarus
858 1881 917 1947 fuit
947 1882 1062 1946 Musae
1087 1883 1287 1958 Venusinae,
1321 1901 1386 1962 qua
1409 1902 1444 1945 re
1474 1886 1681 1964 factumest,

192 1984 227 2038 ut
249 1976 388 2038 materia
412 1983 464 2037 sat
487 1971 598 2055 ampla
622 1972 730 2035 denuo
754 1973 966 2053 investiganti
991 1972 1237 2052 relinqueretur.

296 2063 426 2141 Restat,
464 2073 500 2126 ut
536 2062 764 2142 quaestionem
810 2063 941 2142 saepius
979 2059 1152 2142 prolatam,
1200 2078 1299 2140 quem
1345 2070 1481 2142 poetam
1528 2059 1682 2126 Sidonius

190 2152 361 2233 imprimis,
387 2171 472 2232 quos
496 2153 599 2214 rarius
623 2149 829 2231 expresserit,
854 2152 967 2231 paucis
997 2167 1218 2231 percenseam.
1264 2149 1416 2229 Namque
1440 2154 1582 2217 futurum
1606 2169 1680 2214 esse

191 2260 324 2316 censeo,
359 2252 394 2305 ut
429 2239 553 2304 fructus
583 2240 672 2303 haud
700 2238 877 2321 spernendi
909 2240 1012 2302 hace
1048 2239 1269 2321 disputatione
1292 2241 1472 2319 capiantur,
1501 2240 1528 2302 si
1550 2241 1682 2320 quidem

154 2327 158 2333 '
190 2329 281 2392 illam
306 2331 585 2410 disceptationem
612 2330 655 2392 ad
677 2347 791 2392 verum
822 2329 958 2411 propius
994 2328 1248 2391 admoverimus.
1295 2327 1381 2390 Dico
1413 2329 1511 2409 igitur
1544 2326 1683 2392 Paulum

193 2418 359 2482 Mohrium
385 2428 458 2482 toto
482 2419 575 2481 caclo
591 2419 762 2492 erravisse,
786 2435 861 2479 cum
877 2419 909 2480 in
933 2415 1043 2480 libello
1067 2437 1138 2493 suo,
1156 2419 1211 2498 qui
1235 2415 1420 2481 inscribitur
1440 2416 1506 2480 ›Zu
1530 2415 1683 2481 Sidonius

194 2509 356 2570 carmina«
385 2506 662 2592 (Gyan-Progr.
686 2506 855 2581 lanbach,
879 2502 1057 2570 Fraokiurt
1080 2526 1108 2572 a.
1132 2506 1190 2582 M..
1217 2504 1312 2570 1881.
1337 2525 1369 2586 p.
1392 2504 1437 2586 3),
1469 2506 1524 2570 ubi
1547 2508 1684 2571 demon·

195 2607 298 2660 strare
324 2601 446 2672 studet,
464 2617 531 2677 quo
554 2594 623 2659 fere
641 2599 755 2660 ordine
780 2596 962 2658 enumerari
984 2595 1129 2660 debeant
1153 2608 1285 2675 poetae,
1303 2613 1443 2675 quorum
1467 2597 1683 2660 auctoritates

195 2687 399 2766 spectaverit
429 2683 642 2768 Apollinaris,
677 2684 807 2748 Horatii
838 2685 1040 2768 paenultimo
1075 2684 1151 2749 loco
1187 2683 1325 2765 protulit
1360 2679 1570 2751 mentionem.
1616 2683 1683 2749 Sed

195 2774 287 2848 haec,
314 2794 399 2854 quae
423 2794 507 2837 vana
537 2777 725 2838 coniectura
753 2775 969 2852 continentur,
1001 2775 1052 2838 his
1083 2773 1412 2837 observationibusa
1445 2792 1498 2837 me
1521 2774 1679 2839 institutis

196 2863 275 2928 satis
300 2863 439 2928 refutata
463 2876 547 2930 sunt.
572 2899 615 2910 —
639 2863 832 2926 Mohrianae
855 2862 1018 2945 opinionis
1034 2865 1197 2944 pravitate
1220 2860 1425 2944 aliquatenus
1448 2862 1487 2930 E.
1511 2860 1676 2927 Geislerus

198 2961 249 3016 est
273 2951 419 3028 infectus,
445 2955 500 3034 qui
524 2955 556 3016 in
581 2954 657 3017 diss.
682 2974 715 3035 p.
741 2950 784 3016 35
808 2971 859 3032 sq.
890 2954 946 3015 vix
970 2953 1074 3016 multo
1097 2951 1354 3033 probabiliorem
1377 2953 1575 3018 sententiam
1598 2953 1685 3016 inse·

195 3051 290 3105 cutus
313 3042 487 3107 Horatium
512 3053 630 3123 quarto
653 3041 728 3104 loco
753 3042 986 3105 nominandum
1010 3061 1085 3105 esse
1108 3042 1244 3104 censuit.
1290 3037 1350 3103 Ille
1374 3040 1508 3122 quidem
1531 3060 1602 3105 rem
1625 3061 1686 3106 acu

199 3149 266 3193 non
288 3132 437 3213 tetigisse
461 3131 539 3194 mihi
563 3131 701 3208 videtur,
717 3131 806 3212 quod
829 3131 901 3212 ipse
925 3131 957 3193 in
973 3129 1097 3194 Sidonii
1120 3130 1227 3195 studia
1251 3129 1431 3194 Horatiana
1454 3131 1561 3194 minus
1584 3130 1687 3195 subti-

195 3219 269 3284 liter
293 3220 459 3301 inquisivit
482 3221 622 3302 ideoque
647 3220 734 3293 illud,
769 3221 860 3300 quod
882 3221 970 3284 cadit
999 3222 1031 3282 in
1055 3220 1323 3294 controversiam,
1357 3218 1452 3299 quasi
1484 3219 1546 3284 sub
1578 3219 1685 3284 iudice

195 3306 342 3389 reliquit:
375 3328 451 3373 nam
475 3329 549 3373 cum
573 3310 747 3374 Horatium
771 3312 804 3374 in
837 3319 955 3389 quarto
980 3308 1054 3371 loco
1086 3319 1235 3392 poneret,
1260 3306 1410 3371 fallacem
1441 3327 1520 3373 sane
1553 3307 1688 3392 collegit

194 3395 501 3462 conclusiunculam.
526 3435 570 3444 -
601 3398 651 3464 At
683 3399 836 3480 equidem
875 3399 906 3461 in
941 3398 1004 3469 hac
1039 3417 1111 3462 sum
1145 3399 1316 3476 sententia,
1348 3408 1386 3483 ut
1417 3395 1506 3462 haud
1539 3397 1687 3463 dubitem

195 3489 395 3550 contendere
431 3487 605 3552 Horatium
641 3509 706 3552 non
743 3488 849 3550 minus
888 3507 988 3568 quam
1026 3488 1196 3569 Papinium
1236 3483 1407 3568 Statium⁴)
1446 3486 1686 3570 Claudiumque

196 3573 440 3662 claudianum)
464 3578 506 3639 ab
530 3576 724 3659 Apollinare
748 3569 885 3640 Sidonio
909 3596 983 3640 esse
1008 3595 1213 3658 expressum.
1249 3576 1433 3640 Discrimen
1456 3575 1590 3659 aliquod
1613 3588 1687 3642 tan·

196 3675 266 3728 tum
291 3667 323 3728 in
348 3668 506 3730 varietate
530 3669 693 3730 rationum
717 3667 862 3746 positum
887 3676 950 3741 est,
975 3685 1058 3747 quas
1093 3665 1189 3729 variis
1213 3665 1246 3727 in
1279 3666 1492 3745 scriptoribus
1523 3667 1689 3731 imitandis

198 3755 351 3818 Sidonius
376 3766 509 3820 secutus
533 3766 601 3834 est;
626 3757 685 3819 sed
709 3758 752 3819 de
776 3775 815 3817 ea
839 3775 873 3819 re
889 3756 951 3818 hac
975 3756 1198 3837 disputatione
1223 3752 1313 3818 finita
1334 3753 1501 3835 copiosius
1525 3756 1688 3821 disserere

198 3842 356 3929 iuvabiti)
403 3845 498 3907 Nunc
531 3865 611 3908 vero
645 3846 834 3927 opinionem
866 3863 973 3908 meam
1006 3844 1209 3927 argumentis
1243 3855 1295 3908 sat
1323 3841 1549 3925 probabilibus
1581 3847 1688 3927 gravi-

198 3931 324 4013 busque
348 3932 541 3997 confirmare
565 3947 664 4015 atque
689 3937 839 3998 evincere
862 3933 1072 4016 propositum
1096 3942 1157 3998 est.

304 4075 325 4143 ¹)
344 4076 494 4143 Zingerleus
519 4085 605 4129 autem
632 4081 663 4130 ad
691 4080 851 4144 Apollinaris
880 4079 1054 4129 imitationem
1079 4077 1142 4129 Hor.
1172 4078 1367 4129 adumbrandam
1397 4079 1573 4146 Peerlkampii
1602 4083 1686 4135 locum

195 4145 257 4216 (iam
278 4165 292 4198 a
312 4152 442 4200 savarone
463 4145 657 4233 laudatumluad
677 4153 739 4202 Hor.
761 4168 783 4204 c.
803 4152 849 4207 IV.
878 4153 902 4211 9,
924 4152 940 4201 8
959 4150 1109 4215 appositum
1139 4150 1257 4215 protulit,
1278 4151 1394 4214 quamvis
1421 4166 1448 4201 se
1468 4159 1566 4204 tanturn
1598 4155 1684 4206 minus

195 4221 774 4361 nom³123t[gblntblmbbsdalli'doblbsibsdbb'partita
801 4294 929 4345 indicibus
958 4294 1099 4344 lectionum
1124 4292 1196 4346 univ.
1214 4293 1321 4346 Vratisl.
1345 4293 1441 4358 addita,
1463 4296 1537 4348 cuius
1565 4297 1684 4363 singulae

195 4370 288 4428 partes
308 4366 457 4429 prodierunt
476 4382 498 4414 a.
521 4368 704 4418 1876-1882.

302 4431 323 4502 ³)
339 4437 432 4520 ¹Neque
458 4438 566 4488 veroid
592 4445 694 4489 secutus
721 4444 759 4490 est
779 4439 908 4496 llertzius,
934 4438 1089 4490 ut'multum
1109 4437 1172 4487 novi
1192 4437 1321 4498 adferret,
1350 4437 1382 4488 cf.
1406 4440 1474 4490 anal.
1502 4441 1560 4494 crit.
1588 4441 1651 4493 lare.
1673 4444 1685 4494 1

195 4523 253 4572 pag·
276 4509 488 4644 11818ιὲ8ᾬὲ
491 4512 672 4644 alditslcb'ossky.
692 4583 723 4631 de
744 4583 775 4632 G.
795 4584 820 4632 S.
841 4581 1003 4645 Apollinaris
1022 4577 1122 4632 Sidonii
1140 4579 1234 4631 studiis
1253 4579 1385 4631 Statianis.
1403 4583 1516 4634 vindob.
1539 4585 1619 4639 1881.

306 4651 324 4710 ⁵)
345 4652 384 4700 Cl.
407 4653 506 4705 Ludov.
526 4655 602 4717 Jeep.
622 4654 758 4703 Claudiani
778 4655 899 4716 carmina,
918 4654 972 4704 vol.
993 4655 1025 4704 ll.
1046 4652 1126 4717 praei.
1146 4668 1170 4716 p.
1191 4652 1306 4704 tit-76.
1344 4653 1396 4719 (De
1415 4654 1525 4705 Sidonio
1545 4659 1684 4710 Claudiani

197 4717 354 4789 imitatore);
375 4724 404 4772 F..
425 4723 535 4783 Geisler,
556 4726 616 4774 diss.
636 4741 661 4789 p.
683 4725 799 4792 19-33;
838 4725 944 4780 Maxim.
965 4726 1050 4780 Kulla.
1070 4729 1168 4788 quaest.
1195 4724 1261 4774 Stat.
1281 4725 1391 4776 Vratisl.
1416 4728 1493 4781 1881.
1514 4744 1541 4792 p.
1562 4731 1682 4798 att—³63

197 4791 274 4848 Mich,
303 4795 401 4858 Fertig.
431 4796 476 4855 ,C.
506 4799 530 4845 S.
559 4795 609 4861 Ap.
636 4797 810 4848 Sidoniusu.
840 4813 860 4846 s.
890 4797 963 4847 Zeit·
988 4797 1043 4854 vol.
1074 4793 1119 4850 lll.
1150 4791 1359 4860 (Passau1848)
1387 4814 1415 4861 p.
1446 4799 1487 4850 15.
1505 4825 1541 4836 —-
1560 4801 1588 4850 P.
1609 4802 1686 4853 Mohr

197 4863 329 4915 Sidonium
350 4866 484 4915 Claudiani
504 4863 719 4919 studiosissimum
740 4869 820 4919 luisse
840 4869 971 4932 opinatur.

306 4934 326 5002 ⁸)
350 4937 480 5002 Vergilius
501 4940 662 5004 Ovidiusque
682 4957 756 5004 quem
776 4942 802 4990 iu
822 4941 936 4990 ordinem
956 4943 1008 4992 sint
1026 4940 1170 5006 redigendi,
1197 4945 1249 4991 turn
1269 4941 1370 4992 demum
1389 4942 1443 4992 dici
1462 4943 1563 5007 licebit,
1584 4941 1606 4997 si
1626 4945 1683 5012 quis

195 5002 299 5057 illorum
320 5015 453 5071 poetarum
473 5010 558 5060 studia
582 5012 724 5062 Sidoniaua
751 5012 847 5062 maiore
872 5029 929 5063 cum
955 5013 1090 5078 diligentia
1117 5013 1165 5063 erit
1193 5019 1377 5076 perscrutatus.
1417 5016 1545 5066 Nonnulla
1571 5023 1684 5084 praebet

194 5085 299 5144 praeter
318 5083 473 5131 Savaronem
494 5083 522 5135 li.
543 5083 644 5134 Geisler
663 5083 689 5133 in
708 5085 768 5137 diss.
789 5103 815 5150 p.
836 5087 852 5136 d
872 5099 940 5154 sqq.;
961 5088 995 5136 ³4
1014 5102 1051 5150 sq.
