3876 5604
947 393 1126 460 ..14-

578 589 856 694 Raetorumquef)
880 609 961 695 iugo
985 627 1045 691 per
1067 607 1168 691 longa
1193 607 1325 682 silentia
1349 607 1467 674 ductus

577 696 731 763 Romano
756 697 885 766 exierat
908 721 936 767 e.
961 716 991 778 q.
1017 717 1042 770 s.

292 817 456 903 Quisquis
480 823 563 888 scite
587 821 825 900 observaverit,
843 823 963 906 quibus
987 819 1172 887 rationibus
1196 820 1353 888 Sidonius
1369 820 1543 886 Horatium
1567 820 1715 887 imitetur
1738 842 1777 885 ac

290 907 406 991 potius
430 912 710 993 quemadmodum
735 912 894 977 memoria
926 912 1068 996 quadam
1093 909 1276 976 Horatiana
1298 912 1331 975 in
1354 909 1555 974 carminibus
1588 909 1775 992 pangendis

289 996 535 1085 temperetur,²)
559 999 589 1065 is
612 1002 711 1066 credo
735 1000 908 1067 Sidonium
933 1004 997 1066 hoc
1021 1019 1152 1083 quoque
1185 999 1260 1064 loco
1284 1021 1328 1064 ex
1352 998 1484 1064 Horatii
1515 999 1605 1065 fonte
1636 998 1776 1081 perenni

289 1085 440 1152 hausisse
466 1089 555 1154 nullo
572 1088 711 1174 negotio
735 1091 950 1158 adsentietur.
996 1088 1150 1172 Undique
1174 1088 1263 1152 enim
1289 1089 1435 1154 aemulus
1457 1087 1513 1152 ille
1545 1089 1671 1154 confert
1704 1092 1778 1154 des-

290 1177 377 1243 iecta
402 1179 550 1242 membra
574 1177 729 1244 carminis
754 1179 843 1246 illius
866 1177 1052 1244 Horatiani.
1100 1179 1147 1243 Ut
1178 1176 1261 1242 nihil
1294 1177 1403 1242 dicam
1435 1179 1478 1242 de
1509 1175 1621 1242 verbis
1646 1177 1775 1260 utrique

288 1263 363 1334 loco
379 1268 610 1333 communibus
628 1268 822 1354 (Raetorum
837 1290 955 1335 nomen
973 1265 1131 1333 Sidonius
1148 1266 1228 1330 alibi
1246 1287 1406 1351 nusquam
1423 1265 1573 1352 profert),
1591 1265 1774 1350 singulares

287 1356 465 1420 verborum
489 1358 738 1425 coniunctiones

658 1503 737 1569 Hor,
764 1495 793 1571 v.
821 1503 861 1568 19
885 1524 945 1585 per
969 1522 1066 1566 omne
1090 1511 1223 1581 tempus
1247 1501 1407 1565 deductus

660 1590 729 1657 Sid.
755 1613 787 1659 v,
810 1592 875 1657 374
899 1613 959 1674 per
980 1591 1082 1674 longa¹
1105 1588 1237 1654 silentia
1263 1591 1380 1656 ductus

286 1710 373 1778 inter
397 1735 433 1779 se
466 1714 657 1801 conspirare
692 1716 774 1782 mihi
809 1707 971 1786 videntur.
1017 1713 1084 1782 Sed
1121 1714 1289 1817 exstiterit
1323 1715 1463 1780 fortasse
1500 1711 1680 1796 quispiam,
1718 1711 1774 1796 qui

287 1801 418 1867 illorum
442 1804 590 1870 locorum
621 1806 903 1889 comparationem
935 1818 1034 1871 vocet
1068 1803 1234 1887 opinionis
1269 1816 1510 1905 commentum:
1541 1801 1630 1866 illius
1661 1812 1774 1867 autem

286 1891 454 1958 sententia
477 1893 625 1959 maxime
648 1917 689 1960 eo
712 1895 903 1973 infirmatur,
929 1898 1018 1980 quod
1049 1891 1206 1959 Sidonios
1231 1895 1305 1958 loco
1329 1891 1439 1957 vicino
1462 1890 1573 1957 vicina
1597 1889 1775 1956 Horatiani

286 1977 375 2044 itlius
398 1981 555 2066 carminis
578 1983 722 2050 verba
713 2007 748 2048 m
773 2006 866 2050 usum
898 2006 991 2050 suum
1015 1981 1189 2049 convertit.
1236 1981 1329 2047 Dicit
1361 1981 1451 2046 enim
1473 1979 1682 2062 Apollinaris
1711 1981 1730 2047 l
1754 1981 1775 2045 l.

286 2090 315 2133 v.
342 2069 424 2136 377:

604 2178 639 2245 in
656 2184 819 2264 praedam
844 2193 975 2248 centum
999 2179 1116 2244 novies
1140 2157 1312 2244 dimiserat
1335 2178 1457 2242 hostes.

285 2317 445 2386 Horatius
468 2343 499 2388 v.
525 2325 545 2389 9
569 2344 641 2409 sqq.
666 2328 707 2390 de
730 2324 859 2410 aquila:

604 2471 636 2533 in
660 2467 762 2534 ovilia
783 2468 799 2556 l
822 2469 948 2536 dimisit
971 2470 1102 2554 hostem
1125 2467 1257 2533 vividus
1281 2466 1426 2550 impetus
1472 2477 1475 2484 '

605 2578 690 2622 nunc
712 2557 748 2622 in
772 2559 970 2626 reluctantes
994 2561 1154 2625 dracones
1179 2579 1208 2629 e.
1233 2577 1263 2640 q.
1288 2577 1314 2620 s.

285 2697 381 2799 Apto
405 2704 683 2784 comparabuntur
706 2702 940 2769 Sidoniana
914 2726 966 2768 sm
990 2705 1147 2787 praedam
1172 2699 1344 2766 dimiserat
1374 2699 1506 2764 hostes«
1534 2719 1608 2762 cum
1634 2697 1771 2762 Horati·

284 2787 356 2852 anis
394 2787 446 2853 »in
481 2789 582 2855 ovilia
614 2791 650 2876 (i
686 2814 714 2858 e.
748 2796 907 2894 praedam
942 2793 1085 2876 aquilae)
1119 2790 1246 2857 dimisit
1279 2790 1441 2854 hostem«.
1489 2786 1646 2853 Sidonius
1682 2787 1769 2851 enim

284 2897 521 2961 saepenumero
537 2881 648 2945 Flacci
671 2881 816 2966 vestigia
832 2881 1042 2966 persequitur
1066 2880 1211 2950 frustulis
1228 2877 1422 2943 Horatianis
1447 2877 1593 2940 sermoni
1617 2875 1770 2944 intextis.

283 2965 389 3030 Hoc
380 2967 484 3052 rgitur
506 2968 582 3035 loco
605 2969 793 3054 intelligere
817 2992 1003 3054 possumus,
1029 2974 1117 3054 quod
1142 2968 1236 3034 hac
1227 2989 1263 3031 1n
1295 2966 1490 3051 quaestione
1514 2965 1633 3031 iterum
1658 2965 1771 3046 saepi-

284 3074 388 3137 usque
419 3057 731 3137 animadvertemus,
756 3060 956 3144 singularem
989 3060 1246 3125 aemulationum
1269 3053 1541 3138 probabilitatem
1580 3065 1644 3118 non
1668 3056 1768 3118 modo

283 3142 387 3208 simili
420 3149 560 3212 duorum
594 3149 742 3222 locorum
774 3163 967 3233 argumento
999 3147 1193 3230 confirmari,
1224 3166 1337 3210 verum
1369 3144 1471 3210 etiam
1502 3162 1769 3226 unumquemque
1798 3227 1801 3231 ἦ

282 3233 392 3299 locum
415 3235 491 3300 ab
481 3235 651 3304 imitatore
684 3259 877 3322 expressum
902 3238 1052 3304 finitimis
1082 3233 1327 3303 imitationibus
1358 3231 1584 3298 econfmibus
1621 3229 1768 3314 exempli

283 3319 444 3390 imitando
469 3325 641 3410 compilati
665 3326 816 3392 versibus
840 3328 1050 3410 depromptis
1074 3346 1209 3410 prorsus
1233 3322 1340 3388 fulciri
1364 3335 1463 3406 atque
1487 3320 1638 3390 stabiliri.
1661 3321 1770 3404 Quam

282 3412 420 3478 obrem
454 3414 687 3498 Apollinarem
720 3417 822 3483 etiam
856 3439 897 3483 v
884 3439 971 3482 rsus
994 3419 1227 3482 antecedentes
1252 3412 1393 3494 (dicoc.
1419 3413 1460 3489 V,
1486 3411 1561 3495 373)
1597 3432 1663 3476 non
1698 3409 1769 3481 sine

283 3501 443 3568 memoria
466 3503 650 3570 Horatiana
673 3505 902 3588 composuisse
927 3506 1039 3589 liquet.

384 3648 457 3730 Jam
480 3649 544 3714 alia
568 3650 730 3732 exempla,
756 3670 840 3733 quae
864 3652 927 3716 huc
960 3649 1135 3735 pertinent,
1160 3651 1373 3733 proferemus.
1419 3647 1577 3712 Horatius
1611 3647 1716 3732 igitur
1738 3671 1767 3717 v.

281 3735 324 3800 57
350 3755 422 3820 sqq.
446 3737 543 3802 huius
567 3738 723 3804 carminis
759 3752 895 3824 gentem
930 3743 1114 3806 Romanam
1150 3742 1192 3804 ab
1227 3737 1413 3803 Hannibale
1450 3759 1555 3820 prope
1591 3741 1633 3802 ad
1668 3738 1768 3804 inter·

282 3825 454 3892 necionem
471 3829 637 3894 redactam
653 3840 763 3896 aetate
787 3829 972 3912 posteriore
990 3829 1107 3894 fortius
1132 3841 1232 3914 atque
1249 3827 1428 3913 gloriosius
1451 3848 1470 3890 e
1495 3827 1589 3892 clade
1614 3827 1763 3892 evasisse

282 3913 423 3999 exponit
445 3915 538 3982 hisce
562 3916 674 3984 verbis
697 3919 737 4002 (v.
761 3921 803 3986 59
827 3918 904 4005 spa)

427 4081 487 4143 per
509 4063 639 4144 damna,
653 4083 722 4146 p-er
745 4067 865 4130 caedes
889 4063 963 4128 ab
954 4085 1030 4148 1pso
1056 4063 1058 4150 l
1086 4063 1177 4128 ducit
1200 4082 1283 4143 opes
1307 4063 1516 4145 animumque
1540 4061 1626 4125 ferro

281 4182 406 4250 deiude
429 4206 459 4253 v.
483 4185 526 4254 65
550 4207 622 4272 sqq.
648 4209 772 4255 merses
796 4191 969 4275 profundo,
995 4190 1164 4274 pulchrior
1186 4187 1350 4272 evenet33)
1373 4189 1509 4255 luctere:

531 4332 634 4399 multa
656 4346 793 4416 proruet
816 4334 981 4418 integrum
1007 4335 1009 4422 l
1035 4356 1110 4416 cum
1134 4335 1229 4399 laude
1253 4332 1416 4398 victorem
1442 4383 1449 4398 .
1475 4382 1482 4397 .
1508 4384 1514 4398 .

281 4457 490 4541 Apollinaris
514 4459 681 4544 geminam
705 4461 865 4547 proponit
888 4460 1088 4528 sententiam
1111 4459 1145 4524 in
1170 4481 1196 4528 o.
1221 4457 1301 4538 VII,
1325 4481 1358 4526 u.
1381 4461 1402 4524 5
1427 4478 1500 4542 sqq.

389 4601 408 4668 ¹)
428 4606 484 4656 Hcc
504 4605 604 4656 Sidonii
624 4605 683 4658 loco
708 4607 797 4658 nescio
821 4623 852 4656 an
872 4608 1062 4657 commendetur
1081 4607 1218 4672 archonti
1238 4607 1376 4655 Horatiani
1397 4604 1528 4669 scriplum
1554 4605 1632 4656 Raeti
1653 4603 1768 4672 (Heinsii

281 4681 306 4724 et
326 4675 428 4728 Bentlei
446 4677 621 4728 coniecturam
640 4679 749 4739 ,Raetis'
771 4679 845 4729 multi
865 4673 922 4728 edd.
942 4676 1133 4744 probaverunt).
1158 4678 1305 4728 Familiarls
1325 4684 1414 4728 autem
1438 4683 1476 4726 est
1503 4678 1613 4728 Horatio
1634 4677 1766 4728 nominum

280 4748 446 4811 propriorum
466 4745 608 4799 disiunctio
628 4750 660 4802 ef.
681 4766 704 4800 c.
724 4751 770 4806 IV,
791 4747 814 4802 l.
836 4753 851 4800 9
871 4765 927 4814 sqq.
948 4749 1172 4800 Pauli-Maximi.

387 4832 410 4906 ¹)
428 4837 570 4904 Praecipue
602 4838 628 4889 iu
648 4835 748 4889 Sidonii
777 4838 950 4890 imitationem
979 4839 1147 4889 Horatiauam
1177 4839 1306 4902 quadrant,
1336 4853 1401 4902 quae
1421 4832 1570 4900 Zingerleus
1602 4840 1707 4903 exponit
1737 4841 1768 4889 de

280 4907 390 4958 Claudio
410 4909 552 4959 Claudiano
571 4911 627 4974 „Zu
644 4915 710 4976 spt.tt
730 4911 746 4960 l.
768 4911 810 4959 D:
804 4910 819 4936 ‘
840 4926 898 4976 pag.
917 4907 943 4963 9.

386 4991 501 5064 ³)Hanc
521 4999 657 5050 lectionem
679 5015 797 5064 propono
817 5016 864 5064 pro
890 5000 964 5052 codd.
991 4999 1161 5065 scripturn„
1164 4999 1281 5050 evenire
1274 4998 1327 5068 ,cf
1349 5015 1414 5064 quae
1434 5005 1586 5066 sequuntur.
1607 5006 1765 5064 proquet-

280 5067 349 5129 geret
354 5085 417 5131 que
450 5072 560 5121 mutatio
591 5077 629 5120 est
661 5065 801 5135 levissima,
830 5071 889 5135 quia
919 5071 944 5121 in
974 5071 1047 5122 libris
1077 5072 1227 5135 quibusdam
1266 5071 1451 5136 nunuscriptts
1481 5069 1584 5120 litterar
1618 5080 1676 5121 eet
1697 5072 1705 5120 i
1723 5071 1763 5122 vix

279 5149 386 5208 possunt
407 5142 541 5206 distingui.
