3876 5604
792 360 970 426 ,31-

132 577 204 648 tum
227 580 292 658 Sid,
318 600 345 646 c.
370 577 499 660 XXIV,
527 601 557 642 v.
581 577 624 642 54
650 599 708 642 seu
732 587 847 640 contra
871 577 975 658 rapidi
999 577 1122 640 Leonis
1146 587 1268 642 aestus.

134 707 277 788 denique
301 710 440 772 fortasse
464 704 529 768 huc
564 703 753 768 referendus
778 714 828 768 est
851 702 918 767 Sid.
942 724 992 785 ep.
1018 700 1074 778 lX,
1102 701 1151 780 16,
1177 703 1197 768 3
1221 722 1336 767 versus
1363 703 1405 767 10

583 831 703 912 prodat
727 826 842 892 hirritu
866 829 991 892 rabiem
1016 826 1177 911 canino.1)

133 959 401 1040 Haudquaquam
424 957 457 1019 in
482 977 524 1020 eo
549 966 608 1031 est,
634 967 670 1020 ut
693 953 921 1037 Apollinarem
936 953 1046 1016 Flacci
1063 956 1293 1020 auctoritatem
1317 953 1378 1018 illis
1403 956 1484 1020 locis
1509 975 1624 1038 presse

131 1048 346 1112 subsecutum
381 1067 453 1110 esse
486 1047 704 1122 contendam;
739 1043 863 1109 etenim
894 1043 1077 1108 sententiae
1111 1044 1185 1108 illae
1215 1046 1257 1108 de
1290 1043 1454 1110 sideribus
1487 1047 1625 1114 aestivis

131 1139 344 1218 siderumque
368 1136 483 1200 rabido
499 1135 628 1199 lervore
645 1145 697 1199 sat
712 1139 850 1199 usitatae
867 1143 944 1198 sunt
968 1142 1001 1197 et
1017 1135 1105 1216 apud
1122 1133 1299 1216 plerosque
1316 1147 1434 1217 poetas
1453 1137 1625 1204 Romanos
1733 1201 1736 1207 .

131 1229 259 1310 legenti
282 1235 467 1290 occurrunt.

242 1353 359 1434 Atque
383 1349 565 1432 scriptores
599 1348 643 1413 illi
667 1349 755 1413 haud
780 1347 993 1414 mediocriter
1016 1369 1116 1414 voces
1140 1350 1286 1433 singulas
1308 1353 1395 1416 inter
1417 1373 1454 1417 se
1478 1373 1626 1419 commu·

134 1445 254 1521 nicant,
289 1463 375 1524 quae
409 1461 453 1504 ex
477 1438 679 1521 supellectile
714 1441 857 1520 quadam
896 1441 1026 1521 poetica
1058 1440 1101 1503 ab
1137 1438 1265 1522 origine
1301 1440 1416 1524 poesis
1453 1443 1626 1508 Romanae

133 1533 243 1616 poetis
267 1529 412 1614 posteris
436 1529 581 1612 traditall
606 1530 806 1610 deprompta
834 1549 907 1593 esse
928 1527 1095 1594 videntur.
1136 1529 1183 1594 cf.
1201 1530 1305 1613 Verg.
1323 1528 1446 1614 Georg.
1462 1530 1525 1611 IV,
1542 1533 1625 1611 425;

135 1622 221 1687 Aen.
254 1619 306 1696 ΙΙΙ,
342 1620 416 1697 141;
449 1619 520 1685 Tib.
545 1639 573 1683 c.
597 1615 626 1694 Ι,
659 1618 688 1697 Ι,
713 1617 775 1696 21,
806 1615 868 1686 Ον.
892 1619 982 1683 Fast.
1007 1616 1067 1698 IV,
1093 1618 1174 1683 904:
1205 1619 1625 1702 939sqq3Marttal.1V,

136 1713 188 1787 66,
217 1713 276 1786 Ι3;
301 1709 382 1774 Stat.
406 1708 483 1774 Silv.
507 1706 560 1784 lll,
587 1712 613 1783 1,
633 1705 677 1771 54
700 1707 740 1772 al.

242 1834 353 1897 Nihilo
389 1831 492 1898 setius
531 1832 605 1907 loci,
642 1852 727 1914 quos
762 1829 978 1906 laudavimus,
1018 1832 1197 1907 Sidoniam,
1244 1832 1324 1916 quin
1364 1836 1407 1900 ab
1441 1835 1627 1902 Horatiana

135 1923 345 2006 potissimum
361 1920 551 1987 imitatione
568 1920 708 2003 profecti
732 1919 808 2001 sint,
831 1941 892 1984 nec
908 1920 1026 1987 dubito
1051 1943 1112 1986 nec
1128 1923 1266 1988 haesito.
1292 1925 1516 2006 Reperiuntur
1540 1930 1627 1991 enim

135 2015 296 2078 dictiones
320 2032 495 2093 vocesque,
531 2031 616 2093 quae
640 2010 842 2074 Horatianae
870 2012 1049 2076 inventioni
1072 2011 1134 2075 soli
1158 2013 1372 2093 imputandae
1397 2024 1492 2093 sunt;
1526 2016 1628 2081 hasce

134 2104 244 2166 habeo
268 2101 303 2166 in
337 2112 511 2183 promptu:
543 2100 631 2183 ignis
663 2100 717 2183 (sc.
750 2100 857 2163 sidere
888 2097 1073 2184 indicatus),
1106 2102 1246 2166 torridus
1277 2104 1362 2183 ignis
1394 2139 1438 2152 -
1469 2107 1628 2172 torrentia

134 2194 255 2267 sidera,
282 2190 457 2254 Caniculae
480 2190 599 2254 vitabis
628 2201 739 2253 aestus
764 2223 807 2236 -
830 2188 954 2253 Leonis
987 2188 1070 2272 fugit
1093 2209 1161 2265 ora,
1195 2194 1324 2274 accepit
1348 2190 1460 2256 Solem
1494 2205 1628 2260 acutum

136 2317 178 2328 -
204 2277 338 2361 excepit
361 2277 515 2360 protinus
538 2289 658 2355 aestus,
683 2279 798 2342 vesani
821 2277 944 2342 Leonis
960 2315 1002 2325 —
1019 2279 1123 2342 rabidi
1147 2275 1277 2355 Leonis,
1302 2283 1366 2345 iam
1383 2279 1535 2363 Procyon
1552 2281 1629 2350 furit

136 2407 179 2418 —
204 2389 279 2433 cum
295 2369 448 2450 Procyon
464 2365 597 2442 fureret,
626 2366 750 2429 rabiem
766 2368 894 2442 canino,
919 2369 1009 2449 quod
1029 2366 1162 2431 mirifice
1177 2370 1306 2435 accedit
1320 2371 1363 2433 ad
1377 2370 1456 2435 illud
1485 2373 1628 2438 »rabiem

138 2459 268 2522 Canis«.
294 2492 334 2503 —

245 2580 387 2664 Propius
411 2591 520 2646 autem
539 2580 707 2662 utriusque
730 2590 851 2662 poetae
867 2579 1000 2644 dicendi
1016 2601 1138 2662 genera
1152 2580 1318 2647 intuentes
1344 2584 1509 2649 aemulum
1532 2583 1625 2652 illum

139 2672 316 2737 verborum
341 2669 526 2735 urbanitate
551 2690 589 2732 ac
609 2668 716 2734 nitore
742 2673 811 2732 sine
836 2668 900 2732 ulla
916 2669 1145 2734 controversia
1168 2671 1211 2734 ab
1228 2671 1370 2738 Horatio
1395 2672 1483 2737 vinci
1506 2686 1628 2756 sponte

141 2760 378 2826 confitebimur.
424 2760 472 2824 Ut
495 2779 600 2842 pauca
623 2757 657 2821 in
682 2761 791 2822 medio
822 2778 1018 2841 proponam,
1051 2759 1258 2825 conserantur
1283 2781 1393 2845 voces,
1427 2784 1511 2845 quae
1535 2777 1628 2831 sunt:

141 2849 334 2914 furibundus
367 2849 449 2928 (Sid.
473 2847 631 2930 rabidus),
664 2845 788 2912 vitabis
824 2846 944 2933 (sugit),
970 2843 1084 2913 ¹uesani
1108 2845 1249 2935 (rabidi),
1284 2849 1378 2916 stella
1401 2851 1527 2917 Leonis
1559 2856 1629 2939 (ora

139 2938 289 3024 Leonis),
314 2938 411 3004 simil.

248 3065 464 3147 Quapropter
487 3063 549 3127 hos
572 3062 665 3126 locos
688 3063 829 3126 idoneos
853 3082 927 3126 esse
951 3082 1080 3139 censeo,
1106 3062 1227 3146 quibus
1251 3076 1371 3147 poetae
1396 3067 1629 3150 Lugdunensis

140 3165 173 3220 et
197 3155 360 3218 scribendi
384 3164 418 3218 et
441 3151 591 3218 imitandi
615 3150 702 3217 ratio
727 3154 821 3215 novis
845 3163 1014 3233 tamquam
1040 3151 1139 3216 radiis
1163 3152 1372 3222 illuminetur.

246 3279 311 3344 Sed
337 3289 516 3362 pergentes
537 3297 762 3360 proponamus
786 3277 866 3342 Hor.
891 3298 942 3360 ep.
966 3274 993 3360 Ι,
1021 3277 1062 3343 10
1086 3298 1217 3343 versum
1241 3281 1296 3344 29:

432 3443 530 3506 quam
554 3425 610 3504 qui
634 3442 699 3486 non
724 3421 849 3505 poterit
871 3442 952 3487 vero
976 3421 1181 3506 distinguere
1205 3422 1335 3509 falsum;

141 3562 174 3615 et
197 3550 278 3613 Hor.
304 3570 355 3632 ep.
380 3546 425 3625 ΙΙ,
452 3547 481 3625 2,
506 3547 563 3613 44;

462 3672 586 3738 scilicet
609 3683 645 3738 ut
669 3694 801 3754 possem
825 3695 926 3738 curvo
951 3673 1148 3757 dignoscere
1172 3686 1307 3751 rectum,

144 3817 202 3899 qui
225 3839 338 3882 versus
362 3831 596 3901 comparentur
618 3841 693 3884 cum
717 3817 785 3884 Sid.
809 3839 907 3882 carm.
933 3819 1009 3898 XV,
1034 3839 1067 3889 v.
1095 3818 1172 3882 111:

447 3963 504 4046 qui
529 3963 662 4047 sapiunt
685 3985 831 4046 veroque
856 3965 966 4028 valent
990 3963 1178 4026 discernere
1202 3961 1329 4030 lalsum.

143 4109 220 4172 Non
244 4110 344 4174 modo
369 4129 476 4173 rerum
500 4109 753 4191 verborumque,
777 4128 890 4170 verum
927 4109 1027 4172 etiam
1050 4126 1203 4171 versuum
1227 4105 1407 4171 similitudo
1442 4107 1569 4182 suadet,
1594 4117 1630 4173 ut
1741 4139 1745 4147 ·

142 4201 238 4263 locos
262 4199 336 4262 illos
361 4199 403 4262 ab
427 4198 622 4281 Apollinare
647 4197 848 4261 aemulatore
873 4197 1033 4278 adreptos
1057 4217 1129 4260 esse
1153 4199 1357 4261 arbitremur.
1392 4197 1497 4259 Huius
1521 4207 1632 4261 autem

143 4287 345 4354 imitationis
369 4286 525 4352 Sidonius
557 4289 711 4351 comitem
745 4287 845 4350 habet
877 4286 1024 4349 Persium
1056 4284 1221 4362 Flaccum,
1258 4288 1314 4368 qui
1347 4284 1475 4348 illorum
1500 4285 1632 4350 Horatii

144 4399 298 4442 versuum
323 4398 444 4461 gnarus
468 4377 599 4458 scripsit
621 4387 683 4444 sat.
708 4376 750 4452 V,
775 4396 806 4440 v.
831 4375 911 4441 105:

480 4549 615 4569 .....
640 4511 672 4566 et
696 4499 784 4566 veris
807 4503 951 4584 speciem
974 4501 1168 4580 dignoscere
1193 4499 1302 4565 calles.

146 4649 340 4712 Perversum
364 4666 444 4710 sane
468 4660 530 4726 est,
547 4646 636 4726 quod
661 4645 695 4710 C.
715 4647 752 4710 F.
776 4646 967 4724 Hermanno
984 4643 1115 4728 placuit,
1141 4641 1199 4726 qui
1214 4654 1328 4708 contra
1352 4642 1510 4707 librorum
1534 4642 1633 4708 fidem

256 4809 278 4879 1)
299 4812 396 4862 Savaro
417 4823 443 4875 p.
471 4811 522 4860 166
551 4813 648 4859 tantum
669 4814 732 4862 llor.
754 4829 775 4861 c.
801 4805 849 4864 ΙΙΙ.
876 4807 909 4860 29
930 4824 955 4860 v.
980 4810 1013 4859 18
1032 4810 1091 4858 iude
1112 4811 1144 4858 ab
1170 4808 1240 4871 „iam
1260 4809 1377 4872 Procyon
1399 4843 1404 4856 .
1425 4843 1432 4858 .
1452 4811 1477 4859 ,¹¹
1508 4822 1564 4857 cum
1580 4807 1634 4855 Sid.

57 4933 59 4938 .
149 4904 170 4936 c.
191 4885 264 4939 x-Vl.
284 4904 307 4935 v.
329 4887 362 4936 pr)
381 4900 418 4947 sq.
439 4881 597 4946 composuit,
618 4885 711 4945 quibus
731 4883 861 4932 Geislerus
881 4879 951 4948 (diss.
971 4898 995 4946 p.
1018 4882 1061 4945 18)
1082 4881 1181 4929 addidit
1201 4880 1255 4931 Sid.
1276 4896 1300 4929 c.
1319 4876 1416 4934 XXIV,
1437 4895 1460 4930 v.
1481 4879 1524 4928 ot.
1561 4878 1635 4940 Quos

147 4961 220 5008 locos
242 4974 297 5006 cum
318 4957 368 5006 inm
388 4957 446 5018 ipse
466 4953 610 5007 sensissem.
637 4963 773 5021 autequam
793 4955 896 5004 illorum
916 4954 1028 5003 virorum
1042 4953 1121 5002 libros
1141 4951 1251 5015 inspexi,
1272 4946 1446 5000 imitationem
1471 4949 1635 4998 manifestam

148 5030 296 5080 statuerim.

256 5115 279 5185 Ι)
298 5119 337 5170 cf.
359 5134 424 5184 quae
443 5119 491 5168 hac
510 5117 542 5166 de
560 5132 587 5166 re
609 5114 730 5180 exposuit
750 5113 814 5182 (litt.
835 5115 880 5164 lat.
899 5107 973 5164 nist!
992 5129 1018 5177 p.
1039 5107 1099 5178 514)
1120 5111 1298 5173 Bernhardius.
