3876 5604
884 1431 947 1498 111.

272 1585 338 1650 Sed
373 1587 436 1648 iam
474 1585 660 1668 transgredi
690 1582 773 1648 libet
807 1587 848 1648 ad
881 1584 1011 1649 tertiam
1047 1582 1143 1645 huius
1179 1579 1382 1663 quaestionis
1418 1589 1556 1659 partem,
1590 1598 1656 1660 qua

162 1673 348 1739 collaticios
373 1673 705 1756 comprehensionum
737 1673 1005 1753 locutionumque
1031 1669 1233 1753 singularum
1267 1669 1358 1732 locos
1383 1669 1445 1732 sub
1476 1679 1650 1750 aspectum

163 1764 373 1843 subiciemus‚
397 1785 480 1846 quos
504 1763 705 1845 Apollinaris
729 1761 764 1825 in
788 1776 893 1828 artem
910 1783 1002 1826 suam
1027 1763 1231 1824 convertisse
1245 1760 1384 1823 videtur.
1408 1757 1546 1840 Singula
1570 1777 1650 1820 sane

162 1853 261 1918 huius
293 1852 589 1936 argumentationis
621 1857 818 1919 documenta
850 1873 914 1915 non
948 1850 1060 1914 omnia
1094 1850 1241 1914 eiusdem
1272 1859 1348 1912 sunt
1384 1845 1555 1912 momenti.
1604 1847 1652 1911 Ut

164 1964 246 2007 vero
270 1954 362 2025 parte
380 1945 547 2025 superiore
563 1944 789 2007 demonstrare
813 1940 999 2006 studuimus
1015 1939 1188 2004 Sidonium
1212 1939 1300 2002 haud
1325 1935 1515 2001 necessario
1541 1935 1653 2018 putari

164 2054 209 2098 ex
245 2032 433 2099 Horatiano
470 2033 599 2098 hortulo
637 2033 766 2096 dicendi
803 2033 965 2110 quosdam
1004 2029 1102 2093 tiores
1141 2029 1356 2111 decerpsisse,
1396 2025 1425 2090 si
1464 2023 1655 2090 consimilia

165 2120 335 2188 enuntiata
358 2124 581 2188 sententiaeve
606 2121 708 2186 etiam
738 2125 827 2203 apud
851 2121 932 2184 alios
963 2129 1081 2202 poetas
1111 2119 1291 2183 anteriores
1323 2118 1498 2181 exstabant
1523 2151 1565 2162 -
1589 2116 1652 2178 nisi

164 2213 249 2276 forte
303 2209 458 2275 Sidonius
504 2212 639 2275 verbum
688 2231 731 2274 ex
775 2213 879 2274 verbo
925 2208 1071 2275 reddidit
1109 2243 1151 2256 -
1191 2210 1236 2272 ita
1286 2205 1388 2270 etiarn
1439 2203 1547 2269 minus
1600 2223 1656 2267 eas

169 2299 407 2366 »imitationes«
461 2299 666 2376 Sidonianas,
712 2319 796 2382 quae
839 2299 874 2363 in
915 2299 978 2362 hac
1021 2295 1257 2381 disputationis
1297 2307 1391 2377 parte
1441 2295 1654 2376 proferentur,

165 2390 314 2455 directae
348 2389 517 2454 relationis
556 2401 750 2471 argumenta
784 2387 1040 2464 nominabimus,
1079 2397 1196 2470 utpote
1231 2406 1305 2449 curn
1345 2382 1510 2448 dictorum
1546 2384 1655 2465 poeti-

167 2499 279 2543 corum
317 2478 425 2562 copia,
459 2499 558 2561 quam
598 2491 691 2544 vates
733 2478 933 2543 vetustiores
976 2477 1189 2551 tradiderant,
1237 2496 1256 2538 a
1298 2475 1407 2538 multis
1447 2473 1501 2536 vel
1547 2474 1657 2554 potius

167 2568 334 2652 plerisque
369 2568 583 2650 scriptoribus
626 2571 857 2651 posteriorum
878 2579 1067 2650 temporum
1111 2565 1153 2631 sit
1193 2567 1391 2646 usurpata.¹)
1437 2561 1656 2644 Quapropter

168 2657 339 2722 nonnullos
363 2658 495 2723 Horatii
518 2658 611 2722 locos
635 2658 762 2722 allaturi
786 2678 908 2731 sumus,
932 2677 1016 2739 quos
1040 2676 1114 2720 cum
1138 2653 1325 2719 Sidonianis
1359 2671 1555 2735 comparare
1590 2671 1657 2713 non

167 2749 304 2831 pigebit,
340 2768 539 2829 quamquam
575 2769 815 2829 saepenumero
847 2744 1037 2810 addubitari
1070 2747 1200 2827 poterit,
1234 2763 1312 2808 num
1345 2741 1466 2806 Sollius
1500 2740 1535 2805 in
1567 2739 1654 2823 ipsis

166 2836 358 2902 Horatianis
382 2837 532 2920 vestigiis
556 2837 600 2902 sit
624 2835 828 2920 ingressus.²)
863 2835 950 2901 Dein
975 2835 1083 2898 locum
1108 2833 1241 2899 Horatii
1265 2832 1433 2897 interdum
1457 2833 1499 2894 ab
1524 2829 1656 2914 Apolli·

166 2947 244 2991 nare
272 2947 505 3007 ›expressum‹
533 2926 732 3006 notavimus,
756 2927 810 2989 ubi
844 2924 1009 2990 satisfuit
1046 2923 1172 2988 dixisse
1205 2934 1339 3005 poetam
1363 2923 1554 2985 Arvernum
1589 2940 1656 2982 non

165 3015 238 3079 sine
263 3015 396 3081 Horatii
421 3016 582 3080 memoria
606 3018 706 3080 verba
731 3017 893 3098 quaedam
918 3014 1170 3097 conscripsisse.

274 3139 387 3203 Nihilo
411 3161 492 3204 vero
516 3140 620 3206 setius
645 3140 791 3207 directae
816 3161 947 3224 quoque
973 3140 1187 3206 mutuationis
1218 3137 1340 3202 indicia
1365 3137 1467 3202 etiam
1497 3134 1533 3200 in
1566 3136 1657 3199 dicti·

166 3232 284 3294 onibus
308 3229 553 3312 enuntiatisque
577 3231 717 3312 singulis
741 3230 871 3312 utrique
901 3229 1054 3313 scriptori
1088 3228 1320 3294 communibus
1351 3225 1472 3310 dispici
1504 3238 1659 3308 possunt.

165 3319 333 3383 Nimirum
370 3322 412 3384 de
451 3319 542 3383 omni
581 3320 724 3384 cuiusvis
759 3333 880 3404 poetae
916 3319 1102 3385 imitatione
1135 3340 1200 3382 non
1232 3321 1277 3383 ita
1310 3315 1461 3399 cogitare
1495 3313 1584 3390 licet,
1622 3325 1658 3379 ut

166 3409 331 3473 aemulum
361 3409 508 3490 exempli
538 3413 587 3473 sui
618 3431 720 3493 opera
752 3430 849 3474 manu
881 3421 1042 3476 terentem
1073 3409 1177 3473 verba
1207 3408 1456 3489 loeutionesque
1489 3405 1568 3469 inde
1604 3403 1657 3467 vel

166 3498 383 3581 exscripsisse
406 3499 459 3564 vel
483 3502 662 3565 sententias
678 3498 910 3582 dictionesque
935 3499 1037 3564 lectas
1061 3500 1103 3562 de
1127 3497 1253 3580 scripto
1278 3499 1421 3561 variasse
1445 3496 1652 3560 arbitremur.

166 3591 284 3672 Neque
322 3591 432 3653 hercle
470 3588 639 3654 Sidonium
678 3592 742 3653 hoc
781 3592 882 3654 modo
920 3587 1053 3654 Horatii
1093 3596 1254 3653 tationem
1291 3585 1447 3650 habuisse
1491 3584 1654 3668 equidem

167 3681 430 3746 existimaverim.
477 3680 581 3743 Immo
606 3701 686 3744 vero
710 3701 779 3744 rem
803 3679 851 3744 ita
874 3689 1005 3761 gestam
1029 3699 1102 3742 esse
1126 3677 1246 3751 iudico,
1281 3687 1316 3740 ut
1338 3673 1561 3757 Apollinaris,
1588 3693 1657 3756 qua

168 3768 342 3852 diligentia
366 3768 501 3833 Horatii
525 3769 627 3833 libros
652 3769 741 3852 legit,
768 3771 876 3833 Flacci
900 3768 1031 3832 dicendi
1066 3788 1169 3850 genus
1193 3786 1380 3849 vocumque
1416 3763 1549 3846 copiam
1585 3775 1657 3829 tota

169 3869 278 3923 mente
301 3857 490 3934 imbiberet,
516 3879 582 3941 quo
610 3860 718 3934 fiebat,
752 3871 787 3924 ut
818 3860 997 3922 carminum
1021 3859 1277 3920 Horatianorum
1309 3857 1501 3918 memoriam
1536 3855 1657 3934 partim

169 3945 314 4050 sci.ens,³)
338 3951 565 4013 maximam
597 3961 763 4032 partem
795 3950 961 4012 inscius
991 3947 1026 4012 in
1058 3945 1204 4010 carmina
1228 3945 1451 4027 epistulasque
1483 3941 1655 4017 insereret,

168 4058 261 4102 curus
285 4041 425 4120 vestigia
449 4040 612 4103 neminem
636 4043 816 4122 praeterire
841 4051 974 4121 queunt.

277 4165 404 4246 Quodsi
427 4163 507 4228 locis
531 4177 607 4229 ante
631 4163 775 4228 laudatis
799 4163 1063 4245 examinatisque
1087 4163 1283 4227 adumbrare
1307 4157 1557 4242 temptavimus,
1584 4157 1657 4221 sive

168 4254 260 4336 quali
283 4258 495 4319 veneratione
519 4255 649 4318 Musam
676 4255 876 4318 Venusinam
893 4256 1108 4338 suspexisset,
1124 4255 1194 4317 sive
1211 4273 1276 4334 qua
1292 4252 1474 4316 studiorum
1490 4249 1659 4330 diligentia

168 4341 300 4409 Horatii
324 4347 504 4409 sententias
528 4355 628 4428 atque
652 4344 814 4408 scribendi
846 4347 991 4409 rationes
1023 4344 1268 4406 observavisset
1291 4340 1456 4416 Sidonius,
1480 4340 1541 4401 hac
1566 4347 1659 4417 parte

168 4435 201 4496 id
226 4435 434 4514 potissimum
458 4454 643 4516 sequemur,
668 4445 704 4500 ut
727 4432 897 4497 Sidonium
933 4434 1061 4499 etiam
1092 4435 1131 4496 in
1163 4431 1359 4495 minutiis
1392 4449 1464 4492 sese
1490 4430 1532 4490 ad
1549 4425 1658 4489 Flacci

170 4522 363 4605 exemplum
380 4524 638 4589 conformavisse
654 4524 878 4601 ostendamus,
894 4525 984 4587 cuius
1001 4543 1045 4586 ex
1061 4521 1214 4604 operibus
1230 4540 1304 4584 eum
1319 4538 1438 4584 vocum
1454 4519 1659 4600 poeticarum

279 4681 298 4748 ¹)
319 4687 407 4753 Neque
427 4688 549 4752 profecto
569 4703 660 4738 vereor
680 4688 811 4737 adfirmare
830 4686 923 4736 mullas
942 4686 1088 4736 locutiones
1115 4687 1147 4734 ab
1167 4685 1251 4734 Ennio
1270 4683 1447 4748 Lucretioque
1475 4682 1605 4737 intentas,
1625 4682 1657 4728 ab

173 4759 283 4809 Horatio
305 4760 476 4823 Vergilioque
496 4768 628 4823 susceptas
648 4760 692 4809 vix
711 4760 780 4823 apud
800 4774 877 4808 unum
896 4759 990 4807 aetatis
1010 4757 1165 4821 posterioris
1184 4763 1291 4820 poetam
1311 4753 1458 4805 desiderari.

280 4825 298 4896 ¹)
318 4832 394 4881 Haud
415 4847 472 4880 raro
492 4831 611 4880 Sidonius
639 4831 745 4880 Horatii
773 4832 858 4880 locum
889 4831 974 4879 verbis
1004 4829 1096 4879 leviter
1122 4830 1228 4878 mutatis
1254 4831 1386 4878 mutuatus
1412 4832 1466 4876 est:
1496 4827 1526 4875 de
1554 4826 1658 4875 illorum

175 4903 288 4952 locorum
309 4903 358 4952 fide
378 4903 516 4967 legentium
537 4903 645 4952 arbitrio
664 4903 788 4967 permissa
809 4909 847 4952 cst
866 4902 1006 4952 dubitatio.

279 4969 300 5037 ³)
321 4975 371 5023 Ubi
390 4975 474 5023 sciens
492 4975 652 5038 Apollinaris
671 4976 750 5023 verba
780 4975 811 5022 ad
841 4973 945 5023 Horatii
973 4973 1120 5037 exemplum
1150 4971 1248 5036 dirigit,
1277 4972 1334 5036 ipse
1362 4970 1483 5021 Sidonius
1513 4970 1658 5019 modestum

173 5061 200 5095 se
218 5050 343 5110 praestat,
364 5047 424 5110 quia
445 5053 539 5110 poetae
559 5046 668 5095 maioris
688 5045 818 5110 ingenium
839 5046 950 5095 libenter
969 5046 1134 5110 comprobat:
1154 5059 1211 5094 nam
1232 5059 1263 5092 ex
1289 5049 1405 5092 veterum
1433 5041 1557 5108 opinione
1577 5041 1656 5092 imi·

210 5119 240 5168 ri
260 5123 309 5168 est
330 5119 442 5166 tacite
461 5119 616 5181 probare.
