3876 5604
856 299 1034 362 -21..

198 500 354 652 pabuisse
399 506 597 570 contendam
644 509 841 575 scribentem
888 532 914 576 c.
959 510 1003 592 II,
1050 517 1115 584 205
1166 519 1294 584 ‚reduci
1347 521 1491 587 datur
1535 525 1689 588 omnis

231 612 347 654 onos
377 604 454 660 et«.
1586 634 1588 639 ·

305 697 467 778 Eundem,
481 720 579 784 quem
598 712 776 769 tractamus
791 706 919 775 Horatii
931 709 1039 776 locum
1055 750 1098 762 -
1114 735 1153 778 ac
1176 716 1354 798 praecipue
1369 718 1481 797 verba,
1501 720 1596 810 ¹›date
1614 740 1685 784 rem

198 787 410 869 prolemque«
439 792 652 876 -aliosque
677 797 828 860 carminis
852 799 1031 867 saecularis
1054 823 1179 876 versus,
1205 805 1259 886 qui
1284 817 1360 869 sunt
1387 805 1426 872 17
1451 827 1526 890 sqq.

624 950 631 966 .
656 949 663 966 .
688 950 696 967 .
719 904 883 985 producas
907 908 1057 974 subolem
1081 922 1279 995 patrumque

623 1011 799 1073 prosperes
824 997 958 1062 decreta
981 1020 1081 1082 super
1104 1003 1255 1084 iugandis

624 1079 751 1146 feminis
775 1085 940 1170 prolisque
965 1109 1071 1153 novae
1095 1091 1193 1155 feraci

195 1177 398 1259 Apollinaris
422 1183 453 1243 in
479 1204 572 1248 usum
597 1207 689 1252 suum
714 1190 882 1258 transtulit
905 1194 936 1256 in
959 1215 1058 1261 carm.
1082 1195 1203 1273 XXIII.
1228 1219 1259 1263 v.
1284 1197 1327 1265 88
1350 1217 1422 1282 sqq.
1488 1293 1491 1300 Δ

517 1309 606 1392 Quid
630 1316 721 1396 quod
745 1314 940 1384 Caesaribus
963 1321 1057 1386 ferax
1081 1325 1243 1400 creandis,

517 1399 594 1463 selix
617 1403 710 1486 prole
735 1407 849 1490 virum,
874 1409 969 1475 simul
993 1411 1116 1479 dedisti
1142 1411 1145 1498 Ι
1172 1424 1268 1479 natos
1294 1465 1300 1479 .
1326 1467 1333 1482 .
1359 1465 1368 1482 .

197 1515 432 1587 Gravissimum
456 1525 644 1594 imitationis
669 1544 874 1608 momentum
898 1535 1095 1604 collocatum
1121 1551 1173 1606 est
1196 1542 1227 1603 in
1257 1537 1453 1605 dictionibus
1478 1539 1520 1601 ab
1546 1549 1686 1622 utroque

196 1618 333 1672 auctore
356 1617 574 1679 communiter
591 1618 761 1700 exhibitis;
786 1642 885 1704 quam
902 1626 1050 1692 locorum
1067 1629 1195 1693 illorum
1212 1629 1462 1711 congruentiam
1477 1629 1687 1710 potissimum

196 1716 240 1758 ex
274 1697 337 1760 hac
366 1704 603 1771 vocabulorum
633 1709 808 1776 collatione
837 1719 1024 1798 perspicere
1055 1738 1250 1800 possumus:
1288 1718 1422 1782 ferax
1448 1753 1491 1762 —-
1516 1717 1688 1793 feraci,

195 1790 420 1854 creandis
451 1829 495 1838 -
530 1797 770 1878 iugandis,
817 1802 937 1867 felix
981 1808 1339 1888 prole—feraci
1373 1806 1555 1890 prolis;
1592 1810 1688 1872 sim.

196 1875 378 1943 dedisti
412 1893 553 1949 natos
577 1924 620 1932 -
644 1889 755 1955 date
789 1894 980 1976 prolem.

301 2000 368 2068 Sed
392 2008 434 2071 ad
458 2009 580 2094 reliqua
604 2035 792 2098 pergamus.
839 2021 928 2086 Dicit
950 2022 1107 2089 Horatius
1132 2024 1164 2088 in
1188 2044 1277 2087 carm
1310 2042 1395 2088 saec.
1419 2042 1451 2089 v,
1475 2019 1519 2086 53
1542 2039 1614 2104 sqq.

246 2148 310 2211 iam
328 2153 410 2214 mari
433 2164 582 2239 terraque
600 2179 715 2226 manus
732 2176 886 2246 potentes
994 2165 1081 2234 iam
1127 2167 1327 2249 Scythae
1373 2185 1604 2248 responsa

246 2237 364 2303 Medus
379 2241 597 2329 Albanasque
629 2253 723 2318 timet
743 2276 885 2340 secures,
994 2261 1170 2341 petunt,
1196 2257 1329 2339 superbi
1344 2276 1449 2340 nuper
1474 2266 1508 2321 et
1524 2253 1608 2322 Indi.

193 2359 249 2424 Ad
273 2362 499 2435 illustrandam
523 2373 728 2457 Apollinaris
751 2383 970 2448 imitationem
988 2385 1203 2450 Horatianam
1227 2401 1428 2466 componam
1445 2379 1555 2445 Flacci
1580 2380 1684 2444 verba

199 2451 314 2515 »iam
339 2491 381 2502 -
406 2478 566 2526 manus
599 2479 755 2547 potentes
779 2472 939 2538 Medus
969 2476 1129 2540 timet«
1166 2493 1240 2538 cum
1274 2473 1341 2537 Sid.
1373 2493 1400 2538 c.
1430 2469 1468 2546 V,
1502 2470 1566 2535 481
1607 2470 1686 2532 »has

194 2545 389 2611 tremuit
418 2549 505 2612 iam
531 2552 668 2619 Roma
692 2579 892 2642 manus«;
916 2564 955 2630 cf.
982 2563 1048 2630 Sid.
1083 2562 1148 2628 487
1177 2563 1389 2645 »populoque
1414 2561 1581 2644 superbo«
1610 2578 1685 2622 cum

195 2627 275 2692 Hor.
299 2653 329 2697 v.
353 2634 395 2699 55
420 2658 467 2719 sq.
498 2677 529 2686 -
559 2643 626 2707 Sed
658 2650 757 2713 etiam
790 2651 914 2735 reliqua
937 2653 1021 2716 illius
1055 2652 1119 2717 loci
1142 2655 1246 2718 verba
1269 2650 1393 2717 Sidonii
1427 2660 1574 2714 mentem
1598 2649 1684 2712 adeo

194 2733 360 2799 ceperunt,
403 2736 438 2790 ut
470 2729 573 2794 altero
607 2733 681 2798 luco
714 2739 843 2805 illorum
877 2744 1054 2809 exsisteret
1084 2744 1246 2808 imitator:
1279 2741 1349 2812 sid.
1383 2761 1434 2823 ep.
1468 2735 1565 2813 VIII,
1600 2738 1631 2814 9,
1664 2736 1685 2802 5

193 2811 343 2874 carminis
372 2816 489 2881 intexti
521 2842 551 2883 v.
587 2821 630 2887 20
657 2828 785 2891 »dum
818 2852 1057 2914 responsa
1081 2835 1207 2914 petit
1242 2833 1397 2896 subactus
1422 2829 1588 2892 orbis«.

299 2937 450 3023 Denique
482 2944 566 3011 hunc
600 2951 632 3013 in
666 2954 813 3018 ordinem
849 2959 1047 3040 redigendus
1081 2979 1154 3023 esse
1187 2959 1317 3023 videtur
1353 2955 1556 3037 Apollinaris
1592 2951 1684 3016 locus

192 3024 304 3109 (carm.
329 3029 397 3111 vll,
423 3053 453 3100 v.
477 3033 541 3101 268
566 3043 626 3121 sq.)

473 3162 637 3230 adsistunt
660 3171 751 3232 socio
778 3170 955 3254 Virtusque
979 3173 1150 3256 Dolorque
1178 3170 1181 3259 l
1207 3183 1241 3238 et
1264 3172 1392 3253 Pudor3

191 3279 247 3355 qul
271 3291 408 3362 propter
434 3287 625 3354 ›virtutem‹
653 3313 692 3357 ac
721 3297 934 3377 ›pudorem‹,
959 3305 1014 3383 qui
1037 3302 1089 3367 hic
1114 3303 1222 3366 divina
1245 3299 1357 3383 specie
1390 3298 1493 3362 induti
1517 3294 1683 3378 leguntur,

191 3364 331 3432 sortasse
356 3371 450 3440 fluxit
474 3395 518 3440 ex
542 3380 621 3446 Hor.
646 3403 674 3446 c.
699 3405 783 3452 saec.
808 3407 837 3452 v.
862 3392 905 3454 57
929 3410 1001 3474 sqq.

300 3549 306 3562 .
331 3547 337 3560 .
361 3509 396 3563 et
419 3500 535 3566 Honor
559 3502 736 3593 Pudorque
763 3511 766 3586 l
794 3495 919 3596 priscus
943 3526 976 3581 et
999 3518 1155 3599 neglecta
1175 3517 1279 3582 redire
1302 3516 1417 3580 Virtus

386 3592 487 3656 audet
510 3609 724 3680 apparetque.
748 3601 796 3668 Cf.
821 3607 921 3670 etiam
945 3606 1024 3674 Hor.
1049 3627 1077 3671 c.
1099 3606 1126 3684 1,
1152 3606 1204 3684 24,
1229 3606 1249 3670 6
1273 3625 1328 3692 sq;
1352 3603 1405 3683 35,
1430 3600 1470 3666 21
1496 3619 1544 3682 sq·
1571 3633 1609 3646 “·

192 3706 408 3778 Nihilosecius
444 3738 513 3784 rem
548 3721 643 3798 illam.
683 3726 725 3791 de
761 3747 826 3812 qua
860 3732 971 3796 nescio
1006 3732 1078 3812 quis
1113 3731 1413 3815 possit'dubitare,
1453 3731 1485 3791 in
1521 3723 1681 3806 ambiguo

192 3796 373 3882 relinquere
397 3805 493 3874 malo.

298 3925 466 3998 Sidonium
489 3938 522 4000 in
546 3939 633 4004 nullo
649 3942 756 4008 Flacci
779 3948 922 4011 carmine
946 3959 1039 4015 tanto
1063 3951 1172 4015 studio
1196 3957 1364 4014 versatum
1387 3963 1472 4015 esse,
1498 3950 1679 4046 quanto-m

191 4017 332 4096 epistula
355 4022 397 4084 ad
422 4024 558 4092 Pisones
582 4032 690 4107 missa,
709 4054 809 4118 supra
832 4037 942 4102 obiter
956 4040 1208 4122 perstrinximus
1234 4036 1327 4121 (pag.
1346 4034 1367 4099 9
1384 4031 1450 4138 sq).
1469 4030 1533 4134 Hip
1549 4029 1681 4132 ubertus

191 4107 223 4167 in
248 4105 341 4172 locos
366 4112 513 4195 singulos
537 4139 649 4184 sumus
673 4124 865 4206 inquisituri.
888 4129 945 4191 Ab
970 4128 1187 4192 illustrissimo
1212 4129 1311 4211 igitur
1335 4126 1526 4188 imitationis
1549 4119 1676 4183 Srdom·

190 4214 272 4260 anae
296 4216 493 4281 argumento
518 4211 735 4288 exordiamur,
771 4217 860 4298 quod
893 4219 1103 4301 investiganti
1137 4220 1277 4283 occurit:
1312 4234 1339 4277 c.
1364 4211 1425 4284 IX,
1450 4231 1481 4278 v.
1505 4209 1570 4276 235
1597 4225 1679 4289 sqq..
1748 4315 1751 4320 Ι

190 4286 246 4351 ubi
269 4300 371 4369 poeta
396 4291 448 4356 ille
473 4296 514 4359 de
538 4296 740 4367 Graecorum
765 4308 873 4387 poetis
896 4309 1029 4389 tragicis
1053 4310 1140 4373 inicit
1164 4308 1378 4372 mentionem:

242 4429 419 4508 pictum
453 4430 671 4500 faecibus
697 4439 882 4523 Aeschy·
1003 4445 1057 4525 qui
1085 4453 1163 4525 post
1194 4441 1390 4524 pulpita
1422 4431 1634 4537 tritasub

243 4518 319 4579 lon
345 4530 477 4586 secutus
504 4521 506 4609 l
533 4537 611 4591 aut
647 4527 883 4608 plaustris
1001 4534 1244 4597 cothurno
1274 4529 1277 4617 l
1304 4529 1467 4594 ducebant
1525 4523 1633 4588 oldae

243 4606 375 4672 solitum
407 4630 578 4677 sonare
608 4616 735 4681 Thes
748 4621 844 4700 pin,
1001 4641 1125 4685 marem
1151 4621 1307 4702 capellae.

190 4741 232 4804 Hi
266 4765 380 4811 versus
415 4750 672 4818 luculentissime
705 4758 914 4823 consentiunt
947 4778 1021 4821 cum
1053 4757 1252 4837 Horatianis,
1289 4756 1343 4840 qui
1376 4761 1509 4818 exstant
1542 4770 1573 4812 m
1608 4758 1678 4811 arte

189 4835 320 4914 poetica
344 4837 423 4918 (276
448 4861 508 4924 sq,
534 4842 598 4907 279
623 4841 694 4930 sq),
726 4864 792 4926 quo
823 4845 898 4910 loco
931 4859 1032 4928 poeta
1055 4847 1244 4910 Venusinus
1280 4845 1454 4946 quomodo·
1473 4839 1677 4904 Graecorum

189 4922 257 4985 ludi
282 4929 421 4990 scaenici
445 4943 553 4997 aetate
578 4935 812 5016 progrediente
843 4937 1005 5001 creverint
1028 4948 1127 5019 atque
1153 4936 1326 5011 floruerint,
1360 4953 1473 5018 paucis
1495 4928 1677 4994 adumbrat.

188 5010 346 5096 Ignotum
370 5018 466 5094 enim,
492 5023 604 5104 inquit,
632 5039 736 5106 genus
759 5027 907 5108 tragicae
931 5026 1095 5091 Camenae
1119 5027 1281 5091 invenisse
