3876 5604
888 327 1063 392 ..10-

231 589 239 605 .
263 587 271 605 .
296 591 303 603 .
330 551 384 606 »ut
408 537 528 622 lyricus
552 542 688 605 Flaccus
713 543 745 606 in
768 545 847 608 artis
867 544 1019 626 poeticae
1043 541 1208 606 volumine
1232 544 1401 626 praecipit,
1427 544 1536 608 multis
1563 545 1717 626 idemque

229 633 401 711 purpureis
435 681 441 694 .
477 681 484 695 .
521 633 636 713 pannis
676 632 778 696 semel
812 632 982 714 incohatas
1014 636 1167 706 materias
1198 634 1355 698 decenter
1387 635 1563 700 extendit«
1613 635 1718 698 Huius

229 738 362 799 quoque
385 719 448 783 loci
471 720 643 785 Horatiani
666 720 736 800 (art.
761 743 792 803 p.
816 725 916 786 u.'1-l
940 719 1025 806 sqq.)
1048 722 1245 787 sententiam
1269 720 1424 787 Sidonius
1448 744 1513 786 non
1537 722 1717 788 intellexit:

229 827 305 871 nam
329 818 430 891 poeta
448 808 635 874 Venusinus
660 808 712 872 illa
738 831 803 874 non
828 814 1005 897 praecepit,
1035 812 1095 876 sed
1118 811 1296 888 interdixit,
1322 832 1363 874 ne
1388 811 1510 876 fierent.
1537 811 1583 877 CI.
1609 813 1719 877 Bareti

229 899 306 964 edit.
342 919 375 980 p.
412 897 476 964 574
511 900 585 964 adn.
623 900 650 963 1.
695 898 772 964 Sine
810 902 909 964 dubio
949 900 1148 983 Apollinaris
1187 900 1270 963 haec
1308 922 1439 983 quoque
1478 923 1521 965 ex
1562 904 1720 965 memoria

229 985 375 1070 protulit,
400 989 454 1070 qui
468 987 557 1052 illum
582 987 690 1052 locum
707 992 831 1055 recenti
855 992 1032 1055 custodivit
1055 991 1231 1069 memoria;
1258 1009 1357 1054 unum
1381 1012 1425 1054 ex
1441 992 1550 1056 multis
1575 991 1720 1054 adferam

232 1076 421 1160 exemplum
452 1098 505 1160 ep.
537 1079 594 1151 IX,
629 1078 681 1160 16,
716 1077 745 1145 3.
779 1101 809 1145 v.
834 1078 877 1142 33
913 1079 1033 1145 »multa
1065 1078 1175 1144 multis
1205 1082 1297 1144 texui
1330 1082 1478 1161 pannis«.
1502 1079 1720 1144 —Sidonius

230 1184 319 1245 sane,
352 1176 388 1231 ut
425 1165 489 1230 hoc
524 1168 655 1249 addam,
695 1169 726 1231 in
763 1170 995 1234 commenticio
1034 1166 1090 1232 illo
1128 1181 1310 1252 praecepto
1350 1189 1453 1250 usque
1491 1189 1721 1252 perseverasse

230 1256 367 1322 videtur.

336 1380 544 1448 Postremum
568 1383 611 1447 de
634 1384 773 1450 Horatio
807 1386 1008 1450 mentionem
1031 1382 1171 1466 legimus
1206 1383 1338 1449 allatam
1371 1385 1461 1466 apud
1482 1381 1653 1449 Sidonium
1687 1385 1719 1448 in

229 1491 256 1536 c.
281 1467 412 1546 XXIII,
437 1491 468 1538 v.
493 1470 559 1536 452
583 1493 655 1555 sqq.

603 1600 793 1664 mordacem
817 1599 913 1665 saciat
937 1599 1031 1663 silere
1056 1597 1211 1663 Flaccum

602 1690 750 1769 quamvis
774 1688 881 1772 post¹)
905 1690 1022 1754 satiras
1046 1689 1218 1771 lyramque
1241 1691 1357 1755 tendat

604 1777 655 1841 ille
679 1780 720 1842 ad
745 1777 952 1843 Pindaricum
975 1777 1088 1841 volare
1113 1798 1269 1872 cygnum.

230 1900 424 1966 Mordacem
447 1905 594 1968 nominat
625 1915 728 1988 poeta
751 1903 927 1967 Horatium
961 1915 1098 1985 propter
1121 1904 1291 1967 satirarum
1323 1903 1534 1969 acerbitatem
1557 1904 1612 1986 (cf.
1637 1905 1717 1968 Hor.

231 2002 290 2058 sat.
314 1987 369 2074 11,
396 1992 424 2067 1,
451 1989 492 2076 1.)
539 1989 577 2056 In
601 1986 711 2056 verbis
735 2003 845 2058 autem
882 1991 972 2056 hisce
1008 1994 1176 2074 ›quamvis
1208 1994 1322 2058 tendat
1353 1992 1406 2057 ille
1441 1993 1483 2057 ad
1514 1994 1717 2057 Pindaricum

231 2079 345 2143 volare
367 2101 531 2163 cygnum«
569 2080 686 2145 allusio
721 2083 807 2147 inest
843 2081 1014 2146 reserenda
1049 2083 1091 2146 ad
1127 2080 1205 2145 Hor.
1231 2101 1257 2149 c.
1281 2081 1339 2157 IV,
1364 2083 1395 2159 2,
1420 2081 1463 2146 25
1486 2103 1557 2164 sqq,
1599 2081 1718 2147 ‚multa

229 2169 482 2233 Dircaeum
511 2169 644 2236 levat
677 2190 754 2234 aura
786 2190 1001 2254 cygnum,
1033 2171 1203 2245 tendit.
1241 2171 1375 2247 Antoni,
1401 2173 1553 2253 quotiens
1576 2173 1608 2235 in
1630 2171 1715 2236 altos

230 2256 364 2322 nubium
387 2269 541 2324 tractus«.
589 2259 718 2323 Vocem
755 2259 842 2324 illam
874 2259 1075 2342 singularem
1111 2259 1305 2324 »Dircaeum
1328 2280 1490 2343 cygnum«
1523 2262 1652 2343 penitus
1685 2261 1717 2323 in

230 2347 357 2412 Sidonii
380 2351 539 2412 memoria
568 2351 728 2414 insedisse
752 2351 827 2413 inde
861 2348 1096 2426 concludimus,
1130 2348 1205 2430 quia
1239 2348 1329 2414 lllam
1361 2352 1477 2415 iterum
1513 2369 1551 2413 ac
1587 2351 1718 2433 seapius

230 2437 377 2504 denotat.
424 2437 470 2502 Cl.
495 2459 545 2520 ep.
570 2438 626 2513 IX,
652 2441 702 2512 15,
728 2438 743 2502 l
770 2460 800 2506 v.
825 2438 878 2514 32,
903 2458 955 2519 ep.
981 2435 1071 2519 VlIl,
1097 2436 1149 2515 ll,
1175 2441 1194 2502 7
1219 2448 1281 2506 cet.

338 2576 360 2648 ¹)
381 2583 438 2630 lloc
456 2582 518 2632 loco
532 2583 660 2633 indicatur
678 2583 791 2632 Leonem
807 2583 905 2648 optime
928 2582 1029 2646 fecisse,
1050 2583 1118 2647 quod
1137 2583 1191 2633 Sid.
1213 2584 1257 2640 IX,
1276 2579 1327 2633 221
1348 2582 1510 2632 scribundum
1530 2600 1585 2634 esse
1609 2582 1718 2634 statuit:

233 2659 307 2718 „post
327 2652 435 2703 satiras·
458 2651 541 2719 (codd.
556 2671 603 2719 per
617 2649 657 2722 s).
672 2653 743 2703 Nihil
759 2654 825 2704 enim
840 2655 989 2704 sollemnius
1004 2653 1110 2705 Sidonio
1126 2671 1200 2720 quam
1215 2669 1311 2706 vocum
1324 2655 1559 2719 sententiarumque
1576 2655 1713 2720 repetitio.
