3876 5604
858 311 1035 400 ,93-

399 544 497 612 Grais
521 547 699 630 ingenium,
725 547 822 612 Grais
846 548 940 615 dedit
964 571 1021 614 ore
1046 549 1218 634 rotundo¹)
1245 547 1249 636 l
1275 527 1373 616 Musa
1394 553 1493 634 loqui.

201 673 279 737 Noli
296 675 484 758 neglegere,
511 697 576 758 qua
599 673 746 741 sollertia
762 686 864 758 poeta
880 675 1078 758 permutatis
1095 675 1206 740 Flacci
1224 677 1332 740 verbis
1357 677 1497 741 eandem
1522 674 1689 758 exprimat

200 763 410 829 sententiam.
435 765 532 847 (Cum
556 765 682 830 Sidonii
705 785 801 828 versu
825 765 891 830 235
914 765 1065 830 conferas
1089 786 1213 848 quaeso
1262 767 1344 831 Hor.
1366 787 1394 830 c.
1418 763 1464 848 ΙΙ,
1492 765 1540 842 13,
1566 764 1609 830 26
1637 775 1690 830 »et

199 865 231 917 te
258 865 430 918 sonantem
456 853 604 937 plenius«
634 908 640 922 ,
665 904 671 920 .
697 855 730 940 .).

307 977 374 1042 Sed
398 979 496 1044 alium
521 979 555 1044 in
589 994 746 1065 promptu
778 983 886 1046 habeo
918 980 1037 1064 locum,
1070 1002 1168 1064 quem
1199 1002 1273 1045 cum
1306 1001 1371 1045 non
1406 979 1513 1045 minus
1546 979 1689 1045 dilucide

198 1071 398 1220 consentiatI
407 1069 628 1225 cum1ii⁰r³ffl
645 1073 810 1154 exemplo,
836 1083 1117 1137 commentatores
1140 1073 1264 1154 fugisse
1290 1070 1402 1136 miror.
1416 1068 1510 1136 Dicit
1533 1068 1689 1135 Sidonius

198 1179 232 1221 in
256 1178 355 1225 carm.
420 1181 452 1222 v.
544 1181 584 1241 sq

543 1298 640 1350 »tunc
664 1285 786 1351 Faunis
811 1288 996 1369 Dryades.
1022 1341 1028 1355 .
1054 1296 1175 1368 .aptae

540 1374 691 1441 fuderunt
715 1375 873 1457 lepidum,
899 1378 1018 1441 rustica
1042 1379 1149 1456 turba,
1174 1374 1312 1442 melos«.

199 1495 292 1580 Qua'e
317 1499 416 1564 verba
440 1505 589 1582 prolecta
613 1512 689 1568 sunt
712 1503 755 1566 ab
778 1500 911 1566 Horatii
934 1512 994 1566 art.
1019 1522 1049 1582 p.
1075 1521 1105 1566 ν.
1131 1500 1195 1566 272
1219 1521 1259 1582 sq

540 1679 547 1695 .
574 1679 581 1693 .
609 1678 616 1693 .
641 1631 668 1693 si
692 1631 793 1693 modo
818 1651 884 1713 ego
908 1641 942 1694 et
965 1650 1027 1692 vos

541 1717 665 1784 scimus
689 1717 886 1783 inurbanum
910 1721 1021 1802 lepido
1046 1738 1209 1800 seponere
1233 1715 1334 1785 dicto.

303 1866 404 1930 Cuius
427 1866 623 1933 imitationis
654 1869 871 1951 probabilitas
896 1889 937 1930 eo
959 1866 1097 1941 fulcitur,
1132 1865 1221 1947 quod
1246 1873 1383 1944 uterque
1417 1871 1529 1942 poeta,
1547 1861 1687 1924 eandem

196 1955 331 2021 adhibet
370 1957 561 2038 antithesin,
595 1979 679 2040 quae
704 1958 844 2023 elficitur
868 1955 966 2021 dictis
1003 1954 1171 2036 ›lepidus‹
1200 1963 1233 2017 et
1261 1951 1476 2016 »inurbanus«
1505 1950 1570 2030 (Vel
1597 1951 1687 2030 quod

195 2046 282 2109 idem
307 2045 397 2110 valet
423 2047 626 2128 ›rusticus‹).
651 2049 752 2111 Porro
769 2051 845 2112 huic
868 2045 1017 2128 opinioni
1041 2044 1076 2108 id
1101 2045 1198 2118 lavet,
1224 2045 1314 2124 quod
1330 2040 1494 2105 vocabulo
1513 2038 1683 2122 ›lepidus‹

194 2135 276 2197 solo'
291 2135 355 2198 hoc
379 2136 454 2199 loco
479 2148 512 2202 et
537 2137 691 2201 Sidonius
717 2139 844 2222 utiturl)
870 2148 904 2201 et
927 2150 1027 2218 poeta
1052 2131 1253 2199 Venusinus,
1277 2129 1422 2217 (Similes
1446 2150 1580 2212 quoque
1600 2126 1688 2192 inter

195 2245 231 2286 se
256 2237 332 2288 sunt
357 2223 544 2290 locutiones
572 2226 717 2291 »Faunis
735 2229 890 2310 Dryades
918 2237 1036 2308 aptae·
1065 2236 1098 2288 et
1125 2227 1339 2303 »iunctaeque
1355 2220 1521 2302 Nymphis
1538 2218 1684 2282 Gratiae«

194 2314 275 2380 Hor,
302 2336 328 2378 c.
353 2311 379 2390 Ι,
404 2318 434 2392 4,
460 2316 512 2398 6).

195 2529 232 2593 2Γ
302 2441 459 2524 Denique
496 2443 655 2508 Horatius
688 2445 731 2506 de
766 2464 864 2508 versu
898 2443 1039 2506 iambico
1073 2442 1268 2504 disserturus
1299 2440 1345 2503 ita
1373 2434 1491 2518 incipit
1513 2443 1573 2498 art.
1598 2455 1631 2515 p.
1656 2451 1686 2498 v.

217 2535 255 2594 ul
284 2551 333 2611 sq.

371 2659 521 2741 »syllaba
551 2660 651 2743 longa
675 2659 771 2726 brevi
794 2660 945 2726 subiecta
968 2671 1104 2723 vocatur
1128 2655 1258 2722 iambus
1284 2652 1287 2741 l
1314 2675 1374 2737 pes
1397 2655 1513 2735 citus«,

206 2822 270 2882 qua
294 2823 369 2866 cum
394 2803 691 2885 comprehensione
723 2827 822 2888 supra
845 2805 911 2872 Sid.
936 2828 987 2889 ep.
1012 2803 1101 2880 VllI,
1138 2803 1188 2879 11,
1213 2805 1233 2865 7
1258 2801 1463 2865 contulimus.
1511 2796 1620 2878 Quem
1644 2793 1686 2857 ad

193 2889 307 2954 locum
334 2891 571 2975 applicaverim
591 2893 651 2958 Sid
676 2917 728 2978 ep.
752 2897 810 2972 lX,
838 2897 888 2972 15,
916 2897 943 2974 1,
967 2918 996 2960 v.
1025 2895 1064 2958 13
1089 2915 1147 2975 sq,
1172 2890 1229 2974 qui
1252 2890 1343 2953 locus
1360 2891 1502 2973 priorem
1528 2888 1685 2984 quodam·

198 2985 300 3044 modo
326 2983 482 3064 supplere
507 2983 647 3050 videtur.
698 2985 764 3049 Sed
789 3006 863 3049 cum
887 2985 989 3049 verba
1014 2981 1185 3064 utriusque
1208 2979 1274 3043 loci
1297 2979 1480 3061 comparati
1504 2975 1586 3040 satis
1608 2985 1687 3074 trrta

193 3072 269 3150 sint,
310 3075 458 3137 concedo
498 3095 564 3136 non
603 3081 701 3150 esse‚'
738 3079 828 3157 quod
867 3076 979 3158 utique
1018 3074 1155 3138 alterum
1202 3072 1334 3136 alterius
1372 3089 1472 3132 voces
1510 3066 1686 3146 arripulsse

192 3181 395 3229 censeamus,

298 3292 350 3354 De
387 3291 566 3356 enuntiatis
599 3290 749 3375 singulis,
781 3313 865 3376 quae
888 3291 1092 3374 Apollinaris
1117 3289 1247 3353 Horatii
1278 3286 1339 3350 arti
1375 3280 1528 3365 poeticae
1552 3276 1685 3342 videtur

191 3377 324 3455 debere,
350 3393 469 3460 postea
487 3381 543 3447 liet
567 3382 704 3447 mentio.
742 3381 783 3445 In
807 3381 996 3447 universum
1013 3392 1123 3445 autem
1140 3377 1206 3441 dici
1229 3375 1307 3440 licet
1322 3371 1495 3438 Sidonium
1510 3368 1685 3471 epistulam

192 3471 234 3531 ad
259 3469 395 3533 Pisones
420 3474 555 3534 missam
580 3471 747 3537 subtiliter
776 3471 983 3554 pervolvisse
1016 3483 1115 3552 atque
1139 3465 1333 3550 perlegisse,
1365 3481 1463 3544 quem
1495 3470 1628 3557 poetam
1652 3477 1684 3518 ιη

193 3556 480 3640 praestantissima
511 3561 627 3626 Musae
652 3562 851 3627 Horatianae
884 3581 987 3643 opera
1018 3558 1267 3641 diligentissima
1298 3555 1407 3620 studia
1436 3566 1684 3629 consumpsisse

192 3649 301 3714 video.
325 3685 368 3694 —

299 3771 338 3835 In
374 3775 617 3840 venustissimis
641 3778 750 3840 Flacci
783 3776 949 3860 poematis
983 3777 1100 3841 merito
1132 3783 1321 3837 numeratur
1349 3787 1481 3833 carmen
1503 3765 1592 3840 illud,
1617 3783 1684 3845 quo

192 3871 294 3941 poeta
320 3863 415 3927 urbes
439 3868 643 3947 gratissimas
667 3867 831 3950 speciosis
855 3866 1068 3951 prosequitur
1091 3863 1252 3936 laudibus,
1277 3863 1351 3924 dico
1375 3879 1402 3926 c.
1426 3855 1472 3937 ΙΙ,
1498 3855 1529 3920 6.

303 4005 472 4073 Gloriatur
504 4008 661 4075 Sidonius
695 4010 785 4077 illius
820 4014 971 4077 carminis
1004 4013 1180 4077 dictionem
1211 4007 1380 4072 adfectans
1413 4002 1523 4067 multis
1555 3997 1685 4063 urbium

191 4097 548 4270 ppyquiqilalqsspqurlatis
572 4103 604 4163 in
638 4123 693 4185 ep.
721 4100 794 4180 VII,
820 4105 872 4180 17,
905 4103 977 4167 2v.
1006 4103 1046 4166 15
1072 4122 1143 4182 sqq.
1176 4099 1327 4181 integros
1357 4106 1468 4160 autem
1498 4108 1684 4174 proponam

463 4339 538 4382 rura
562 4318 769 4401 paludicolae
793 4320 912 4384 temnis
939 4316 1104 4399 populosa
1126 4317 1308 4380 Ravennae

463 4419 495 4472 et
520 4429 605 4489 quae
630 4409 778 4490 lanigero
803 4412 845 4473 de
869 4428 927 4471 sue
950 4427 1070 4472 nomen
1094 4408 1225 4470 habent.

467 4498 606 4578 angulus
632 4496 696 4562 iste
728 4498 838 4579 placet
862 4499 1142 4580 paupertinusque
1166 4511 1345 4560 recessus,
1370 4541 1376 4556 .
1404 4540 1412 4553 .

303 4622 346 4706 (v.
366 4623 424 4706 95)
470 4623 550 4689 finiti
574 4646 688 4689 cursus
711 4628 784 4691 istic
807 4630 959 4709 vitaeque
983 4623 1133 4706 viaeque.

191 4728 402 4740 ———

299 4772 319 4841 ¹)
341 4783 479 4839 ‚rotundus‘
507 4788 545 4831 est
572 4785 728 4832 Graecorum
746 4771 934 4860 στρόγγυλος;
962 4784 1035 4832 cuius
1061 4783 1134 4831 vocis
1162 4785 1201 4830 sat
1229 4775 1366 4842 speciosae
1394 4768 1516 4820 memoria
1547 4777 1681 4856 narratum?

194 4857 325 4907 eSirlonii
345 4862 429 4912 animo
449 4865 597 4913 discessisse
615 4865 717 4914 videtur·
740 4877 747 4930 3
768 4881 782 4912 e
802 4866 890 4914 multis
919 4866 984 4916 locis
1004 4866 1067 4914 satis
1096 4865 1178 4912 haheo
1200 4857 1367 4909 arlnotavisse
1388 4870 1430 4916 ep·
1453 4849 1543 4912 1‚1t;
1574 4862 1617 4910 eP·
1637 4845 1682 4909 lie

194 4933 236 4980 lh.
259 4934 269 4979 l
294 4949 316 4979 v.
338 4936 372 4984 39
391 4951 427 4996 sq.
448 4937 495 4984 suh
514 4936 856 5001 rotundiorinuscaneins).

303 5018 325 5076 ’ἢ
345 5026 499 5088 Saepissime
521 5028 654 5076 Sidonium
676 5029 817 5090 singulares
839 5029 1019 5093 elegantesque
1042 5026 1145 5076 Horatii
1174 5038 1252 5072 voces
1273 5020 1298 5068 in
1319 5015 1409 5081 p0²⁸l¹¹
1430 5027 1500 5062 ⁵⁰³¹¹¹
1522 5009 1681 5058 “minime

191 5100 278 5158 potest
299 5099 439 5148 observari.
