3876 5604
846 335 1025 428 ’.25-

293 575 420 650 Restat,
461 589 497 643 ut
535 577 683 642 adferam
721 576 851 642 Sidonii
891 577 1010 661 locum,
1048 581 1103 660 qui
1141 573 1297 644 dictionis
1333 575 1532 645 Horatianae
1568 576 1681 645 colore

185 668 361 840 εἱεὲἰὲοὲιᾶε
400 670 464 732 huc
501 666 712 751 potissimum
752 665 944 730 referendus
982 687 1057 730 esse
1095 670 1231 744 videtur,
1274 670 1347 732 dico
1386 689 1437 750 ep,
1476 668 1522 756 Π,
1568 669 1618 748 10,
1657 673 1679 735 4

422 902 564 964 namque
587 885 683 947 iste
707 893 757 946 est
781 881 919 944 locus
943 880 1166 946 omnibus
1190 883 1436 967 petendus,

422 992 539 1036 omncs
558 993 629 1053 quo
653 972 706 1036 via
731 972 821 1035 ducit
844 973 886 1034 ad
911 970 1050 1035 salutern

186 1097 446 1182 quiaHoratius
471 1098 588 1160 eadem
613 1095 742 1160 ratione
771 1115 901 1177 poema,
937 1097 1069 1177 dequo
1093 1098 1292 1172 disserimus,
1325 1098 1367 1162 ad
1401 1098 1498 1162 finem
1531 1099 1679 1180 perducit

186 1187 230 1269 (v.
256 1186 296 1250 21
323 1185 409 1270 sql:
438 1187 510 1250 »illc
534 1197 568 1251 te
592 1206 721 1249 mecum
736 1184 829 1248 locus
853 1195 887 1249 et
903 1186 1023 1250 beatae
1049 1181 1052 1271 l
1079 1186 1248 1266 postulant
1272 1207 1395 1252 arces«.
1420 1189 1475 1251 Ex
1497 1187 1677 1252 verborum

186 1297 320 1357 quoque
345 1275 525 1342 collatione
549 1275 615 1360 (ille
640 1274 731 1338 locus
757 1311 798 1324 -
823 1273 888 1338 iste
914 1274 1015 1352 locus,
1039 1285 1072 1338 te
1097 1294 1227 1338 mecum
1250 1312 1295 1322 -
1319 1278 1482 1360 omnibus,
1507 1277 1678 1359 postulant

186 1377 308 1430 -est
344 1363 521 1448 petendus)
558 1364 756 1428 concludere
789 1383 966 1444 possumus
999 1362 1130 1428 Sidonii
1165 1384 1279 1428 versus
1318 1385 1361 1428 ex
1396 1376 1485 1431 certa
1520 1369 1679 1431 memoria

187 1453 370 1519 Horatiana
395 1453 591 1532 manavisse,
610 1473 708 1536 quam
734 1454 775 1517 ad
800 1473 870 1516 rem
893 1463 1134 1517 consentaneus
1147 1451 1310 1518 'orationis
1334 1465 1512 1520 contextus
1536 1454 1677 1522 accedit.

186 1541 236 1609 cf.
263 1545 362 1608 etiam
386 1545 469 1608 Hor.
495 1541 647 1621 c.11,3‚
674 1541 717 1608 ‘25
742 1552 776 1607 et
798 1541 879 1605 Hor.
912 1562 938 1604 c.
965 1539 1021 1616 IV,
1047 1541 1068 1606 8
1097 1561 1180 1607 vers.
1215 1543 1315 1609 ultim.
1353 1545 1478 1608 »bonos
1512 1543 1604 1610 ducit
1634 1547 1676 1609 ad

186 1630 329 1708 exitus«,
368 1653 453 1715 quae
478 1652 592 1696 versus
626 1631 770 1694 clausula
793 1632 962 1711 conspirat
991 1650 1065 1694 cum
1089 1628 1219 1695 Sidonii
1242 1631 1387 1696 clausula
1423 1631 1497 1698 »via
1521 1634 1610 1699 ducit
1632 1636 1674 1699 ad

189 1721 351 1786 salutem«
379 1725 451 1790 sim,
474 1720 544 1788 Sid.
568 1741 594 1788 c.
619 1720 672 1798 24,
697 1741 728 1785 v.
754 1721 774 1786 3
802 1721 842 1783 »b
858 1741 940 1786 ene
964 1721 1053 1784 ducit
1076 1722 1119 1784 ad
1143 1719 1309 1789 sodales«.

292 1869 410 1948 Neque
434 1885 514 1929 vero
539 1866 644 1928 minus
660 1862 868 1945 Apollinaris
893 1862 1032 1928 alterurn
1049 1861 1178 1930 Horatii
1201 1866 1358 1946 epodum‚
1381 1864 1467 1929 illius
1491 1864 1674 1931 carminum

188 1956 322 2039 generis
348 1977 426 2020 sane
451 1957 609 2038 reginam,
635 1952 767 2036 magnis
790 1951 908 2017 habuit
932 1954 963 2015 in
988 1953 1120 2018 deliciis
1159 1953 1311 2035 Namque
1336 1965 1372 2019 ut
1395 1952 1473 2019 nihil
1497 1954 1606 2020 dicam
1630 1957 1673 2021 de

184 2046 251 2113 su.
275 2067 302 2112 c.
327 2046 368 2111 v.
392 2066 423 2112 v.
448 2045 489 2108 29
514 2065 563 2132 sq.

345 2169 557 2252 liquenti
582 2190 667 2251 quae
692 2171 802 2234 iuncta
825 2180 900 2233 toro
924 2168 993 2232 vult
1023 2189 1253 2232 murmura
1284 2165 1491 2250 lymphis

345 2259 462 2324 tollere
487 2270 521 2324 et
545 2259 664 2323 undosi
687 2279 736 2321 so
750 2279 781 2324 m
796 2276 893 2321 num
918 2277 1050 2321 servare
1076 2258 1192 2336 mariti,

185 2407 270 2468 quos
294 2406 410 2449 versus
434 2385 605 2448 Arvernus
628 2382 681 2447 ille
706 2386 816 2447 nescio
849 2404 889 2446 an
913 2403 979 2446 non
1012 2383 1083 2447 sine
1114 2383 1183 2446 eius
1215 2380 1280 2446 loci
1304 2381 1477 2448 Horatiani
1509 2383 1672 2448 memoria

184 2477 418 2556 composuerit,
454 2496 520 2556 quo
553 2484 655 2556 poeta
688 2474 874 2537 Venusinus
908 2475 948 2536 de
981 2470 1122 2538 sontium
1155 2491 1318 2536 murmure
1354 2491 1506 2537 somnum
1541 2472 1671 2540 facilem

185 2566 344 2628 suadente
368 2562 516 2628 meminit
540 2563 653 2646 (epod.
676 2560 721 2637 ΙΙ,
747 2561 788 2627 27
814 2559 875 2648 sq.)

441 2688 614 2771 fontesque
638 2688 852 2770 lymphis
878 2689 1073 2768 obstrepunt
1098 2684 1405 2751 manantibus

442 2787 630 2842 somnos
654 2780 744 2860 quod
768 2777 885 2842 invitet
908 2776 1008 2853 leves,

184 2903 445 2968 luculentissime
471 2903 642 2968 Sidonium
674 2901 760 2967 illius
784 2903 883 2985 epodi
916 2902 1080 2966 aemulum
1103 2922 1138 2964 se
1163 2903 1366 2984 praestitisse
1399 2901 1564 2967 adfirmari
1595 2904 1671 2970 licet

182 2997 215 3056 in
239 2997 383 3058 carmine
407 2991 535 3070 ultimo,
554 2994 644 3076 quod
670 3005 721 3057 est
745 2994 1001 3076 propempticon
1024 2993 1066 3055 ad
1083 2989 1237 3057 libellum.
1261 2988 1296 3054 ln
1320 2990 1377 3054 illo
1401 2993 1500 3074 igitur
1523 2991 1670 3058 carmine

182 3095 292 3148 narrat
316 3095 429 3166 poeta,
460 3102 598 3164 quorum
631 3084 810 3162 legentium
835 3082 867 3143 in
901 3100 1016 3144 manus
1049 3079 1166 3145 librum
1200 3099 1294 3144 suurn
1328 3091 1562 3162 perventurum
1595 3103 1669 3150 esse

182 3193 289 3256 neque
314 3171 363 3236 ibi
386 3170 545 3237 Tonantii
559 3173 718 3235 ¹Ferreoli
738 3168 953 3258 praefectorii
976 3167 1183 3256 obliviscitur
1206 3191 1236 3237 v.
1260 3169 1302 3234 37
1327 3188 1408 3252 sqq,

500 3295 712 3361 coniunx
736 3293 917 3376 Papianilla
941 3314 1074 3378 quem
1098 3296 1273 3376 pudico

499 3407 640 3450 curas
665 3383 979 3469 participans
1002 3385 1135 3448 iuvat
1158 3382 1281 3468 labore,

500 3473 658 3558 qualis
682 3496 765 3539 nec
789 3471 1029 3556 Tanaquil
1054 3473 1113 3537 fuit
1136 3494 1197 3536 nec
1220 3474 1273 3536 illa
1297 3520 1306 3538 .
1331 3524 1369 3538 ..

178 3601 272 3682 Quos
296 3621 411 3665 versus
435 3620 509 3663 cum
533 3597 586 3662 illa
609 3600 707 3664 buius
731 3601 832 3682 epodl
854 3597 1076 3681 descriptione
1110 3599 1311 3674 contulerim,
1337 3600 1391 3662 ubi
1415 3599 1553 3663 Flaccus
1584 3603 1665 3664 ruris

178 3701 361 3753 amatorem
386 3691 491 3772 magis
515 3689 606 3753 beari
637 3710 738 3773 posse
761 3688 930 3763 infitiatur,
964 3707 1064 3771 quam
1088 3689 1115 3752 si
1138 3687 1210 3752 eius
1234 3700 1319 3751 uxor
1349 3707 1479 3752 summa
1502 3689 1664 3754 industria
1756 3703 1758 3709 “

179 3789 212 3842 et
237 3778 440 3844 adsiduitate
465 3779 562 3842 rebus
588 3777 781 3844 domesticis
805 3781 888 3842 sciat
911 3777 1077 3861 perfungi;
1098 3776 1141 3858 cl,
1166 3775 1257 3842 enim
1281 3798 1311 3841 v.
1337 3775 1379 3842 37
1404 3796 1475 3862 sqq.

303 3906 389 3988 ,Quis
413 3924 478 3969 non
503 3905 660 3969 malarum
684 3925 768 3987 quas
791 3925 885 3968 amor
908 3925 1048 3970 curas
1072 3905 1173 3969 habet

306 3995 390 4058 haec
412 3996 495 4059 inter
518 3993 741 4060 obliviscitur?

307 4084 437 4166 Quodsi
460 4085 638 4167 pudica
662 4083 833 4146 mulier
856 4085 899 4146 in
924 4094 1107 4164 partem
1130 4082 1269 4148 iuvet

249 4256 251 4260 Α
305 4177 441 4238 domum
467 4185 567 4253 atque
592 4174 703 4237 dulces
728 4172 848 4236 liberos
875 4171 879 4259 l
903 4172 1082 4236 Sabina
1106 4173 1263 4254 qualis
1287 4183 1366 4237 aut
1389 4193 1416 4237 e.
1441 4189 1471 4254 q.
1496 4193 1520 4238 s.

173 4299 368 4364 Enuntiatis
392 4297 632 4380 sententiisque
656 4300 824 4380 utriusque
843 4297 1073 4380 explicationis
1096 4297 1150 4362 vel
1174 4297 1283 4363 obiter
1307 4300 1464 4380 inspectis
1482 4308 1604 4380 sponte
1627 4311 1661 4362 te

173 4393 361 4472 agniturum
387 4408 461 4451 esse
483 4389 573 4452 haud
598 4387 711 4450 diffido
727 4385 899 4452 Sidonium
923 4385 991 4451 illis
1016 4389 1165 4451 versibus
1182 4388 1372 4452 Horatianis
1397 4387 1660 4452 manifestissime

174 4479 359 4544 excitatum
384 4498 467 4552 esse,
494 4487 529 4541 ut
552 4475 753 4559 Papianillae
789 4477 872 4540 hanc
895 4475 1083 4559 impertiret
1114 4478 1255 4553 laudem,
1290 4477 1574 4558 quamturgidus
1607 4475 1660 4539 ille

174 4583 273 4648 poeta
298 4570 403 4649 magis
424 4567 615 4630 furtivarum
639 4565 768 4629 illarum
785 4585 904 4629 vocum
929 4566 1199 4648 proferendarum
1224 4565 1341 4650 gratia,
1360 4584 1459 4648 quam
1483 4586 1526 4629 ex
1549 4567 1659 4629 animo

173 4677 212 4720 ac
235 4656 399 4721 sententia
423 4676 482 4718 sua
506 4654 742 4737 conscripsisse
767 4654 847 4719 mihi
870 4653 1011 4722 videtur.
1034 4656 1083 4720 Ut
1106 4676 1186 4719 vero
1207 4666 1334 4720 ceteras
1359 4655 1486 4718 illorum
1511 4653 1658 4718 locorum

173 4744 420 4824 similitudines,
454 4764 539 4826 quae
569 4757 601 4810 et
633 4745 720 4810 inter
751 4743 990 4809 sententiarum
1023 4749 1166 4810 rationes
1200 4756 1234 4809 et
1267 4746 1350 4809 inter
1378 4763 1479 4808 voces
1505 4744 1658 4826 singulas

173 4847 314 4910 exstant,
339 4834 525 4917 neglegam,
554 4833 632 4898 illud
664 4833 895 4915 perstrinxisse
927 4837 1006 4899 satis
1029 4834 1162 4898 habebo
1185 4833 1414 4915 Apollinarem
1448 4853 1509 4896 nec
1545 4835 1656 4914 inepte

171 4944 232 4988 nec
256 4926 395 4987 obscure
419 4925 527 4986 Flacci
560 4921 741 4987 dictionem
776 4920 913 4988 »mulier
936 4926 968 4986 in
998 4935 1129 5005 partem
1158 4925 1266 4987 iuvet«
1301 4921 1587 4988 transformavisse
1619 4920 1655 4986 in

170 5013 504 5096 comprehensionem
532 5015 696 5075 »coniunx
719 5049 762 5058 —
785 5015 986 5094 participans
1009 5016 1118 5077 iuvatc
1149 5023 1248 5094 atque
1280 5013 1481 5077 enuntiatum
1517 5009 1658 5076 »Sabina

169 5103 275 5186 qualis
300 5112 357 5165 aut
382 5154 388 5168 .
412 5149 419 5166 .
445 5127 471 5165 ,ι
509 5099 696 5166 sententiae
720 5121 798 5165 suae
823 5099 991 5183 aptavisse
1016 5103 1157 5182 ideoque
1181 5098 1361 5165 diffluxisse
1385 5102 1418 5162 in
1445 5099 1571 5182 »qualis
1595 5120 1656 5164 nec

1604 5225 1623 5277 4
