3876 5604
953 357 1128 426 ,32-

297 575 329 641 in
353 575 429 644 edit.
455 569 557 641 Persii
580 573 710 659 scripsit
737 575 853 660 »veri¹)
886 573 1066 658 speciem«.
1113 575 1196 658 Quis
1228 575 1313 640 enim
1347 585 1407 658 est,
1440 571 1520 658 quin
1544 577 1656 643 videat
1679 577 1791 641 Persii

297 667 375 732 illud
402 669 507 731 »veris
534 668 728 749 dignoscere
745 668 908 747 speciem«
928 664 1131 748 respondere
1146 667 1254 730 verbis
1276 665 1459 731 Sidonianis
1479 686 1577 730 »vero
1593 669 1790 732 discernere

298 756 455 822 falsumI«
483 757 548 837 (De
571 754 773 840 Apollinaris
797 752 924 819 Sidonii
947 753 1134 821 imitatione
1158 752 1314 820 Persiana
1337 754 1377 819 cf.
1403 753 1535 820 Geisler
1559 758 1635 823 diss.
1660 777 1693 838 p.
1716 756 1790 836 44.)

404 902 518 966 Verba
541 921 585 965 ex
601 897 734 964 Horatii
750 899 929 963 carminum
952 898 1007 964 lib.
1032 899 1072 978 11,
1093 922 1119 965 e.
1140 900 1152 962 l
1173 903 1277 982 petita
1293 897 1493 983 aliquotiens
1509 901 1597 982 apud
1614 898 1789 964 Sidonium

299 989 436 1055 inveniri
460 1000 549 1056 recte
573 988 743 1054 Geislcrus
768 987 858 1075 (diss.
882 1009 914 1070 p.
942 987 995 1070 14)
1019 988 1184 1070 indicavit,
1219 990 1278 1053 sed
1301 991 1420 1054 doctus
1443 989 1496 1053 ille
1519 987 1571 1053 vir
1593 991 1635 1053 ad
1660 989 1790 1054 stabili-

300 1082 420 1145 endam
443 1080 528 1144 hanc
543 1077 764 1144 coniecturam
790 1080 860 1161 ipse
881 1090 1111 1159 argumentum
1133 1077 1242 1144 attulit
1264 1078 1397 1142 nullum.
1421 1079 1583 1144 Attamen
1608 1098 1647 1143 ea
1671 1076 1790 1160 opinio

298 1167 491 1252 neutiquam
523 1169 745 1252 praeiudIcata
775 1166 845 1242 fuit,
879 1166 1031 1252 quamvis
1065 1171 1097 1231 in
1129 1166 1329 1232 carminibus
1352 1167 1546 1243 Sidonianis,
1584 1187 1723 1248 quorum
1756 1167 1791 1230 in

299 1259 361 1323 hac
385 1259 586 1342 quaestionis
610 1267 704 1340 parte
739 1258 899 1322 rationem
931 1257 1101 1334 habemus,
1138 1277 1203 1320 non
1239 1255 1434 1340 gravissima
1467 1253 1556 1320 illius
1591 1255 1791 1322 imitationis

299 1348 417 1414 indicia
452 1345 589 1430 reperiri
627 1344 767 1430 possint.
813 1344 927 1409 Nihilo
965 1347 1066 1411 setius
1103 1344 1262 1411 notabilia
1300 1347 1463 1427 quaedam
1516 1348 1559 1411 ad
1597 1345 1792 1410 firmandam

300 1435 438 1503 Geisleri
461 1436 657 1502 sententiam
681 1432 877 1502 adieramus.
965 1515 969 1524 ι

407 1581 449 1646 Η.
472 1578 746 1662 Peerlcampium,
770 1579 853 1656 alios
877 1589 1008 1644 secutus
1032 1577 1201 1643 Geislerus
1225 1580 1266 1662 (p.
1293 1580 1333 1644 13
1358 1581 1455 1660 extr.)
1479 1579 1593 1644 Horat.
1617 1598 1718 1646 carm.
1741 1576 1791 1656 ΙΙ,

301 1670 317 1736 1
343 1691 375 1734 ν.
399 1668 443 1734 40
469 1668 611 1732 »leviore
635 1668 780 1750 plectro«
809 1667 998 1751 composuit
1033 1688 1107 1732 cum
1142 1665 1208 1734 Sid.
1244 1689 1343 1736 carm.
1374 1666 1463 1743 XIV,
1499 1690 1529 1732 v.
1562 1666 1604 1732 27
1644 1670 1793 1731 »minore

300 1757 489 1843 plectrunt)
537 1758 597 1823 Cui
636 1759 710 1822 loco
748 1778 833 1821 nunc
878 1757 944 1821 alia
982 1755 1139 1839 exempla
1178 1758 1410 1831 adscribamus,
1451 1777 1535 1838 quae
1575 1759 1791 1823 mutuationis

300 1847 500 1912 Sidonianae
523 1849 669 1928 speciem
693 1867 773 1929 prae
797 1867 833 1911 se
856 1847 939 1911 ferre
963 1845 1125 1912 videntur.
1158 1845 1299 1912 Solidior
1323 1844 1411 1910 enim
1437 1845 1529 1932 locus¹
1564 1865 1662 1928 quem
1688 1847 1790 1909 modo

300 1939 521 2013 tractavimus,
547 1935 600 2000 hic
620 1947 671 2002 est
695 1937 784 2016 (ibid.
809 1957 839 2000 v.
863 1937 906 2000 37
930 1935 1028 2018 sqq.):
1064 1936 1142 1999 »sed
1166 1955 1207 1998 ne
1230 1934 1361 2011 relictis,
1386 1935 1492 2011 Musa,
1517 1955 1644 2017 procax
1675 1933 1758 1998 iocis
1785 1931 1789 2020 l

302 2045 518 2107 ...quaere
543 2026 662 2089 modos
685 2025 810 2090 leviore
833 2024 992 2107 plectro«.
1029 2027 1146 2106 quibus
1178 2045 1252 2088 cum
1287 2027 1435 2088 versibus
1470 2025 1655 2107 comparari
1690 2025 1792 2088 liceat

301 2116 367 2181 Sid.
392 2137 420 2180 c.
445 2113 483 2190 11,
507 2135 537 2181 v.
561 2113 627 2180 538
654 2115 761 2193 »siste
787 2114 942 2190 Camena,
967 2115 1086 2178 modos
1110 2125 1256 2179 tenues«.

407 2261 511 2324 Porro
533 2255 661 2323 Sidonii
686 2259 852 2324 enuntiata
876 2258 916 2338 (c.
941 2251 997 2332 IX,
1023 2276 1052 2321 v,
1077 2253 1121 2320 74
1144 2259 1219 2338 sq.):

608 2419 724 2479 »supra
748 2396 1014 2462 belliferas
1037 2401 1224 2463 madere
1248 2399 1454 2483 glaebas

604 2487 768 2553 culmosos
792 2488 887 2552 viridi
910 2509 1024 2550 eruo
1039 2509 1084 2551 re
1108 2488 1241 2554 fratres«

302 2625 336 2680 et
359 2615 434 2681 ibid.
459 2636 489 2680 v.
516 2615 590 2680 251.

645 2750 775 2807 ...et
798 2741 1010 2804 madidas
1034 2759 1205 2803 cruore
1229 2740 1446 2816 Carrhas,

303 2886 330 2949 si
353 2885 489 2968 propius
513 2886 724 2967 spectaveris,
749 2884 837 2949 haud
861 2883 996 2949 omnino
1021 2885 1188 2951 dissimilia
1213 2907 1285 2950 esse
1310 2886 1472 2950 concedes
1495 2883 1690 2950 Horatianis

410 3031 450 3110 (c.
473 3026 519 3104 ΙΙ,
545 3026 562 3092 l
587 3049 618 3096 v.
643 3026 684 3092 29
710 3039 743 3093 et
766 3028 834 3108 36):

592 3173 664 3254 quis
686 3190 752 3235 non
776 3170 900 3238 Latino
924 3168 1418 3256 sanguine'pinguior

592 3280 728 3344 campus
751 3297 795 3308 —-
819 3280 903 3342 quae
926 3272 1063 3327 caret
1086 3283 1143 3325 ora
1167 3282 1343 3326 cruore
1367 3261 1501 3326 nostro?

303 3405 456 3470 Sidonius
469 3405 534 3468 hoc
558 3403 633 3469 loco
649 3403 750 3471 etiam
773 3405 951 3470 verborum
968 3406 1224 3472 Horatianorum
1248 3407 1482 3473 rhotacismum
1507 3404 1691 3470 aemulatus
1715 3425 1787 3468 esse

303 3495 432 3560 videtur
456 3492 509 3574 (ci.
534 3494 614 3559 Hor.
637 3515 669 3559 ν.
694 3495 737 3560 36
760 3505 794 3561 et
816 3495 885 3560 Sid.
910 3516 943 3561 v.
969 3493 1036 3580 75).

410 3637 561 3718 Denique
584 3633 791 3717 Apollinaris
814 3638 847 3698 in
870 3656 897 3708 c.
921 3634 1053 3717 XXIII,
1070 3658 1091 3700 v
1126 3639 1190 3704 339
1207 3659 1256 3722 sq.
1285 3642 1437 3705 »tandem
1461 3659 1623 3704 murmure
1649 3635 1787 3701 bucinae

303 3725 481 3808 strepentis
508 3721 511 3810 Ι
537 3744 713 3806 suspensas
737 3725 868 3791 tubicen
892 3736 973 3792 cet.‹
1003 3728 1079 3791 ibid.
1104 3748 1134 3792 v.
1159 3728 1223 3794 348
1247 3748 1295 3812 sq.

734 3869 839 3933 »cedit
862 3878 950 3933 terra
974 3871 1055 3934 rotis
1080 3882 1113 3935 et
1137 3870 1319 3936 orbitarum

730 3969 822 4022 moto
845 3958 981 4039 pulvere
1005 3958 1193 4025 sordidatur
1216 3960 1322 4042 aemi)

304 4102 450 4256 pestigliip
474 4110 594 4274 poptae
618 4099 781 4165 Venusini
805 4103 960 4167 institisse
993 4104 1111 4186 potuit,
1134 4105 1223 4186 apud
1258 4124 1357 4188 quem
1380 4105 1462 4169 haec
1495 4104 1647 4186 leguntur
1679 4099 1718 4187 (c.
1742 4099 1787 4182 II,

347 4212 378 4257 v.
468 4208 544 4273 sq:

304 4317 517 4328 —3——uu-

413 4349 433 4409 ¹l
455 4354 502 4402 Per
527 4368 554 4403 se
580 4351 732 4402 coniectura
760 4354 806 4402 illa
836 4354 902 4405 levis
934 4361 980 4411 est,
1007 4358 1127 4421 quoniam
1157 4360 1244 4411 littera
1269 4360 1315 4417 ..s¹‘
1344 4363 1415 4424 (ante
1444 4364 1557 4412 litteram
1589 4379 1600 4410 s
1631 4355 1787 4424 sequentem)

305 4427 391 4477 addita
413 4421 492 4474 facile
512 4440 542 4473 ex
563 4439 646 4474 errore
672 4425 775 4475 librarii
794 4426 919 4490 explicari
938 4434 1045 4490 potest:
1075 4429 1189 4480 conferas
1209 4435 1271 4482 Hor.
1293 4435 1371 4498 epist.
1391 4433 1425 4489 ΙΙ,
1446 4437 1471 4489 3,
1492 4437 1506 4484 ‘l
1526 4432 1611 4501 (aegri
1630 4459 1663 4472 ν-
1685 4426 1787 4497 aegris),

305 4499 351 4548 ubi
372 4497 475 4560 ‚.aegri“
497 4495 702 4559 praeferendum,
718 4493 788 4547 Pers.
809 4503 855 4546 sat.
879 4498 911 4552 V.
933 4500 983 4549 150
1006 4497 1092 4564 (avido
1117 4529 1144 4538 -
1165 4501 1275 4570 avidos),
1295 4505 1341 4554 ubi
1361 4503 1625 4560 lectionem..avido“
1644 4503 1738 4556 malim.
1756 4529 1785 4537 -

305 4570 385 4620 Aliter
420 4567 555 4616 constituti
582 4573 642 4615 sont
672 4568 736 4616 loci:
767 4570 830 4618 lior.
859 4573 907 4618 sat.
928 4565 965 4632 ΙΙ,
994 4573 1019 4634 2,
1040 4569 1090 4624 107
1110 4569 1236 4638 (inimicis
1256 4603 1289 4612 -
1309 4575 1420 4644 inimici)
1450 4585 1475 4626 et
1496 4580 1559 4627 Hor.
1587 4593 1628 4640 ep.
1650 4577 1670 4631 1.
1693 4577 1733 4636 18,
1753 4576 1786 4624 86

305 4634 651 4708 (inexpertis-inexperti),
672 4639 717 4689 ubi
736 4640 824 4689 littera
844 4656 855 4690 s
875 4641 1019 4692 adhibenda
1042 4643 1091 4693 est.

411 4724 433 4795 ¹)
454 4728 608 4778 Accuratius
627 4728 674 4778 hac
694 4730 725 4778 de
746 4730 862 4780 dictione
880 4731 906 4780 in
926 4733 1005 4782 tertia
1023 4732 1100 4784 hulus
1121 4736 1282 4800 quaestionis
1300 4744 1373 4802 parte
1393 4737 1589 4803 disputabimus.

413 4813 436 4884 ⁸)
458 4816 557 4868 Sidonii
576 4817 670 4876 lecum,
692 4817 781 4883 quiin
801 4821 891 4870 eodem
912 4821 1023 4872 carmine
1035 4825 1174 4888 reperitur,
1194 4840 1293 4876 versum
1313 4827 1365 4876 ⁴15
1380 4833 1502 4892 ..turpans
1522 4828 1676 4891 prociduam
1698 4842 1786 4876 cruore

306 4891 433 4940 frontem‘·
465 4888 646 4939 conferendum
668 4905 722 4940 esse
749 4891 816 4940 duco
836 4907 893 4941 cum
918 4893 1009 4942 Horat.
1028 4899 1075 4944 sat.
1098 4896 1142 4950 Vl.
1163 4897 1178 4946 b
1199 4915 1221 4948 v.
1243 4898 1274 4948 61
1298 4897 1425 4954 ‚frontem
1451 4904 1599 4964 turpaverat
1618 4899 1704 4962 oris'';
1725 4899 1785 4946 arido

305 4977 381 5014 carm.
409 4957 455 5018 lv,
484 4962 545 5010 bv.
565 4955 596 5010 11
627 4977 664 5025 sq.
695 4962 825 5026 „procidit
845 4988 877 4998 -
907 4963 1045 5029 posuitque
1073 4967 1167 5016 collum
1200 4968 1225 5017 in
1255 4965 1399 5033 plurer·e·‘:
1429 4966 1483 5020 loci
1511 4971 1608 5020 similes
1636 4975 1693 5020 sunt
1726 4971 1785 5019 lior.

306 5050 328 5084 c.
348 5034 381 5090 11,
404 5032 427 5094 7,
449 5033 535 5097 1131,
557 5033 582 5086 6,
605 5028 649 5093 14;
672 5033 745 5096 Verg.
765 5032 824 5088 Xll.
844 5036 886 5090 99,
911 5029 959 5086 Ον.
988 5036 1052 5086 trist.
1080 5037 1216 5102 1.³.93;
1245 5055 1351 5104 quorum
1378 5042 1493 5093 locorum
1523 5043 1614 5092 fundus
1643 5048 1681 5091 est
1713 5043 1784 5092 iloni.

306 5105 336 5154 ll.
355 5099 404 5168 111,
425 5101 472 5167 55,
492 5101 524 5154 cs.
545 5097 608 5152 ibid.
628 5099 700 5159 XllI.
719 5105 784 5170 336;
804 5106 894 5168 Odyss.
914 5102 1009 5163 XXIV.
1030 5107 1076 5171 395
1097 5108 1190 5159 Aesch.
1210 5111 1283 5174 Sept.
1304 5112 1362 5162 809.
