3876 5604
910 352 1088 420 -24-

199 635 204 645 ,
252 573 386 642 Sidonii
418 576 520 641 menti
551 573 607 639 hic
638 573 746 638 locum
772 575 985 640 obversatum
1017 591 1090 636 esse
1115 569 1281 654 existimo,
1305 571 1363 654 qui
1387 583 1497 641 exstat
1519 574 1539 641 l.
1555 574 1575 641 l.
1588 597 1617 640 v.
1633 574 1653 638 6
1669 595 1740 658 sqq.

328 699 459 783 (Tibur)
504 698 549 766 sit
573 720 667 765 meae
691 702 789 765 sedes
813 698 940 765 utinam
963 709 1119 762 senectae

503 791 545 855 sit
568 791 687 854 modus
710 789 802 856 lasso
826 791 924 853 maris
948 799 982 854 et
1005 785 1132 851 viarum
1159 785 1162 874 l
1188 787 1392 871 militiaeque
1417 838 1424 858 .
1449 839 1457 857 .
1482 838 1489 855 .

336 917 379 1000 (v.
407 915 458 1000 10)
503 915 599 980 dulce
622 914 743 999 pellitis
768 913 887 980 ovibus
912 913 1044 977 Galaesi

502 1005 624 1070 flumen
648 1015 682 1070 et
705 1015 842 1088 regnata
867 1015 980 1087 petam
1004 1039 1047 1050 -
1071 1023 1154 1070 rura.

332 1135 374 1214 (v.
402 1133 457 1218 13)
504 1130 558 1195 ille
581 1143 742 1196 terrarum
766 1127 850 1194 mihi
873 1140 1008 1213 paeter
1031 1149 1148 1192 omnes

502 1219 643 1304 angulus
666 1221 762 1301 ridet,
788 1220 843 1282 ubi
867 1239 933 1282 non
958 1219 1123 1302 Hymetto
1149 1216 1152 1304 l
1180 1218 1278 1282 mella
1302 1222 1475 1286 decedunt.

252 1347 319 1412 lam
344 1368 424 1412 vero
448 1344 678 1412 similitudines
708 1347 875 1428 utriusque
899 1343 1131 1425 descriptionis
1160 1345 1191 1407 in
1216 1365 1360 1408 examen
1379 1366 1547 1410 vocemus.
1597 1346 1740 1410 Primum

253 1435 357 1520 igitur
373 1456 571 1519 componam
586 1432 717 1501 Horatii
734 1435 836 1498 verba
864 1435 924 1499 »sit
940 1435 1060 1498 modus
1075 1433 1163 1497 lasso
1187 1435 1284 1497 maris
1309 1445 1342 1500 et
1366 1435 1492 1498 viarum
1516 1433 1737 1517 militiaeque«

252 1547 326 1590 cum
351 1524 484 1592 Sidonii
508 1546 606 1590 versu
631 1523 673 1588 25
700 1523 799 1588 »finiti
824 1545 938 1588 cursus
961 1521 1038 1587 istic
1061 1525 1214 1606 vitaeque
1242 1521 1416 1608 viaeque«,
1442 1523 1499 1608 qui
1523 1524 1587 1588 loci
1610 1537 1740 1590 senten·

252 1613 373 1681 tiarum
390 1635 476 1680 nexu
492 1632 676 1697 vocumque
689 1614 831 1697 quadam
844 1610 1062 1696 congruentia
1074 1615 1158 1679 inter
1172 1633 1208 1676 se
1220 1615 1384 1678 coniuncti
1399 1626 1483 1679 sunt.
1498 1613 1548 1679 Cf.
1569 1615 1742 1697 »vitaeque

252 1704 413 1789 viaeque«
451 1725 526 1769 cum
561 1701 707 1768 »viarum
742 1701 977 1786 militiaeque«,
1006 1700 1107 1767 »liniti
1130 1722 1244 1765 cursus
1278 1701 1371 1768 istic«
1410 1725 1484 1768 cum
1511 1701 1587 1768 .»sit
1623 1706 1741 1768 modus

253 1793 409 1878 (Tibur)‚‹
458 1794 533 1858 Hoc
566 1793 640 1857 loco
672 1804 782 1858 autem
814 1793 896 1856 haec
928 1794 1077 1874 quaestio
1109 1792 1171 1856 arti
1201 1789 1338 1856 criticae
1371 1804 1533 1862 succurat.
1581 1793 1741 1876 Compro-

252 1885 413 1950 baverunt
448 1881 536 1972 enim
570 1882 726 1965 permulti
762 1882 907 1948 editores
941 1901 1219 1963 supervacaneam
1255 1880 1476 1964 Peerlkampii
1511 1882 1740 1948 coniecturam

256 1976 316 2040 »sit
340 1975 476 2038 domus«
504 1973 610 2056 (codd.
634 1991 749 2036 omnes
777 1968 960 2054 »modus‹).
1017 1968 1083 2035 Sed
1112 1973 1257 2052 perbene
1288 1969 1395 2036 teneri
1428 1981 1541 2054 potest
1575 1970 1740 2055 scriptura

251 2064 382 2138 tradita,
407 2064 434 2126 si
457 2060 514 2127 illa
538 2059 628 2125 idem
652 2058 826 2144 significari
862 2058 1065 2124 intellexeris
1089 2079 1127 2122 ac
1159 2080 1240 2124 voce
1269 2059 1392 2139 »linis«,
1417 2080 1516 2144 quam
1543 2063 1742 2145 interpreta-

252 2151 380 2217 tionem
404 2150 472 2215 iam
496 2148 681 2231 Porphyrio
710 2159 744 2214 et
767 2149 859 2213 Acro
890 2161 1148 2231 proposuerunt;
1182 2160 1327 2214 ceterum
1360 2151 1401 2215 de
1431 2152 1494 2214 hac
1528 2148 1617 2214 illius
1651 2153 1742 2216 uocis

253 2240 493 2326 significatione
525 2239 563 2304 cl.
596 2240 679 2306 Hor.
710 2259 728 2302 c
763 2237 787 2319 Ι,
814 2239 864 2314 16,
891 2237 1203 2319 2324‚1;sat.1,
1230 2239 1259 2314 2,
1294 2239 1367 2317 lll;
1401 2238 1444 2321 Il,
1478 2241 1509 2318 3,
1545 2240 1610 2305 266
1643 2251 1742 2323 atque

253 2328 417 2414 imprimis
454 2340 514 2406 sat.
539 2329 563 2404 l,
588 2330 617 2410 1,
644 2328 707 2394 106
735 2338 804 2393 «est
828 2330 991 2392 modus
1015 2364 1057 2375 -
1082 2338 1157 2392 sunt
1180 2327 1196 2390 s
1200 2326 1318 2391 ines«
1345 2329 1458 2411 Atque
1483 2332 1591 2412 ipsum
1616 2327 1743 2393 Sidonii

253 2418 459 2485 enuntiatum
491 2438 557 2481 non
588 2416 668 2481 nihil
701 2418 742 2481 ad
777 2437 846 2482 rem
874 2427 1019 2482 nostram
1043 2416 1149 2481 lacere
1172 2418 1310 2484 videtur.
1356 2419 1459 2484 Poeta
1483 2420 1570 2483 enim
1594 2419 1648 2483 ille
1673 2418 1743 2483 vim

253 2501 403 2574 vocabuli
436 2509 605 2572 Horatiani
640 2508 795 2571 »modus«
830 2517 922 2573 recte
953 2509 1101 2590 percepit
1131 2527 1170 2570 ac
1202 2527 1264 2590 pro
1297 2505 1360 2571 levi
1384 2527 1444 2571 suo
1474 2506 1626 2573 imitandi
1651 2528 1742 2573 more

254 2597 453 2684 significavit
477 2598 586 2662 verbis
614 2597 652 2662 »l
661 2599 670 2660 i
683 2616 703 2659 n
717 2595 729 2659 i
742 2595 780 2662 ti
804 2618 950 2660 cursus«.

360 2725 463 2788 Porro
486 2723 595 2787 Flacci
619 2721 817 2787 cantilenam
837 2720 914 2784 »ill
928 2743 945 2784 e
968 2733 1130 2786 terrarum
1148 2719 1231 2786 mihi
1246 2733 1375 2804 praeter
1393 2743 1508 2787 omnes
1532 2743 1585 2786 an
1599 2745 1621 2806 g
1635 2723 1678 2786 ul
1694 2743 1742 2785 us

254 2813 402 2880 ridete
429 2833 528 2878 nemo
552 2811 756 2877 manifestius
780 2814 954 2893 expressit,
980 2830 1078 2892 quam
1095 2809 1249 2875 Sidonius
1273 2834 1304 2876 v.
1323 2811 1363 2876 21
1393 2813 1614 2896 »angulus
1646 2815 1708 2875 ist
1725 2833 1742 2874 e

253 2902 416 2987 placet
440 2900 722 2986 paupertinusque
739 2920 919 2965 recessus«.
936 2901 997 2962 Hic
1021 2918 1153 2982 quoque
1170 2901 1317 2966 aemulus
1341 2901 1394 2966 ille
1410 2901 1598 2984 speciosam
1618 2922 1740 2966 vocem

258 2990 434 3076 ›angulus‹
472 3012 492 3056 a
527 2992 647 3055 Flacco
680 3002 848 3057 mutuatus
883 3000 943 3066 est,
981 3009 1079 3071 quam
1115 2990 1232 3053 eo'dem
1266 3011 1363 3054 sensu
1399 2992 1579 3056 adhibitam
1614 3003 1741 3058 tantum

253 3081 439 3149 invenimus
471 3082 560 3163 apud
583 3082 678 3163 Prop.
710 3081 792 3163 eleg.
816 3079 877 3155 Ill,
903 3085 922 3144 9
947 3079 990 3145 65
1019 3091 1053 3144 et
1077 3078 1160 3146 Vell.
1184 3081 1251 3146 Pat.
1274 3079 1313 3161 ll,
1341 3082 1412 3156 102,
1447 3101 1531 3161 quos
1555 3081 1741 3161 scriptores

253 3179 479 3253 -quantum
511 3171 619 3235 adbuc
653 3168 824 3252 cognitum
857 3167 1018 3233 habemus
1050 3204 1094 3215 -
1124 3188 1302 3253 numquam
1336 3170 1486 3252 respexit
1517 3169 1741 3251 Apollinaris.

252 3259 444 3327 Dictionem
466 3269 577 3335 autem
599 3257 822 3338 Sidonianam,
847 3276 931 3341 quae
946 3260 1030 3323 banc
1048 3256 1225 3340 praecedit,
1247 3279 1338 3322 »rura
1356 3295 1397 3306 -
1414 3261 1572 3324 Ravenae
1593 3271 1626 3326 et
1652 3279 1739 3342 quae

255 3349 405 3433 lanigero
429 3351 470 3414 de
495 3370 553 3413 sue
577 3369 698 3412 nomen
710 3348 854 3413 habent«
880 3347 1020 3413 sortasse
1036 3368 1101 3411 non
1118 3350 1187 3410 sine
1203 3347 1366 3412 memoria
1382 3348 1515 3415 Horatii
1533 3349 1581 3434 (v.
1600 3350 1641 3414 10
1653 3351 1740 3432 sqq.)

259 3440 372 3505 »dulce
395 3437 494 3521 pell
508 3437 520 3501 i
534 3437 599 3503 tis
623 3439 740 3502 ovibus
756 3435 890 3502 Galaesi
916 3437 1036 3500 flumen
1061 3450 1095 3503 et
1112 3473 1154 3483 -
1169 3457 1263 3500 rura«
1282 3441 1504 3519 compositam
1521 3459 1594 3504 esse
1611 3440 1742 3522 opinor.

361 3564 433 3631 Iam
456 3586 537 3630 vero
562 3565 718 3631 allaturus
741 3584 813 3627 sum
838 3562 970 3628 Horatii
997 3582 1113 3626 versus
1137 3580 1209 3646 sqq.
1234 3562 1275 3646 (c.
1301 3561 1320 3626 l.
1348 3561 1420 3648 14):

685 3689 761 3756 »ubi
785 3711 850 3755 non
875 3690 1039 3772 Hymetto

681 3779 820 3846 mella
843 3781 1008 3844 decedunt
1031 3778 1192 3860 viridique
1216 3789 1322 3844 certat

680 3872 701 3934 b
714 3892 733 3933 a
746 3891 794 3934 ca
819 3868 981 3934 Venafro«

685 3981 789 4024 »ver
812 3959 886 4024 ubi
909 3957 1091 4040 longum
1114 3993 1158 4003 --
1180 3959 1417 4039 praebet«

255 4079 289 4134 et
311 4087 344 4140 v.
373 4066 412 4132 19
437 4085 487 4150 sq.

685 4171 803 4237 »fertili
827 4173 959 4236 Baccho
984 4169 1158 4236 minimum
1185 4173 1332 4238 Falernis

679 4260 870 4327 invidet
904 4260 1039 4326 uvis«

362 4390 470 4474 Quam
506 4386 767 4472 descriptionem
801 4389 1019 4455 Horatianam
1055 4387 1179 4456 Sollius
1215 4400 1291 4455 ante
1332 4390 1446 4455 oculos
1483 4390 1600 4457 habuit
1635 4411 1738 4474 eaque

255 4478 433 4548 suscitatus
457 4489 507 4558 est
530 4479 562 4541 in
586 4476 762 4544 fundendis
786 4479 944 4555 versibus,
971 4497 1054 4562 quos
1081 4477 1224 4562 legimus
1248 4477 1283 4541 in
1308 4500 1333 4546 c.
1359 4477 1400 4558 ΙΙ,
1430 4481 1492 4547 105
1515 4500 1587 4565 sqq.

414 4605 522 4695 ferunt
545 4615 664 4671 exorto
689 4603 824 4670 flumina
848 4626 879 4669 m
897 4605 991 4669 elle
1017 4603 1021 4691 Ι
1048 4606 1263 4673 dulcatis
1288 4620 1440 4674 cunctata
1464 4610 1557 4674 vadis

415 4693 547 4777 oleique
575 4693 720 4777 liquores
746 4692 749 4782 l
775 4696 840 4759 isse
864 4696 1044 4759 —baca
1068 4698 1233 4777 pendente
1257 4745 1389 4767 .....

255 4819 346 4908 (109)
371 4868 379 4885 .
406 4869 445 4885 ..
477 4819 661 4886 invidit
694 4819 871 4904 pampinus
904 4819 1028 4906 uvis;
1056 4823 1100 4900 (v.
1124 4821 1203 4904 409)
1230 4843 1330 4886 iver
1363 4822 1430 4887 ibi
1461 4825 1739 4889 continuum

256 4923 338 4977 estc.
384 4909 433 4979 Cf.
457 4913 555 4976 etiam
579 4908 644 4978 Sid.
669 4931 695 4974 c.
720 4910 845 4992 XXIV,
871 4911 912 4976 57
938 4932 1010 4993 sqq.
1057 4909 1155 4975 Nulla
1186 4911 1269 4976 mihi
1302 4923 1353 4976 est
1385 4912 1560 4984 dubitatio.
1596 4914 1686 4995 quin,
1710 4910 1741 4974 si

255 5001 392 5084 propius
414 4998 576 5067 intuearis
600 5002 766 5082 utriusque
792 4999 963 5082 scriptoris
987 5003 1170 5066 sententias
1194 5022 1368 5085 vecesque,
1405 5013 1524 5083 sponte
1550 5003 1696 5065 locorum
1721 5022 1741 5064 a

255 5111 309 5154 me
334 5101 569 5172 congestorum
594 5109 773 5153 consensus
798 5088 844 5152 sis
868 5092 1048 5172 agniturus.
