3876 5604
935 1137 980 1200 11.

319 1302 356 1364 ln
383 1302 486 1366 altera
509 1302 571 1366 hac
589 1305 789 1386 quaestionis
805 1315 939 1384 parteea
955 1306 1170 1370 imitationum
1186 1305 1435 1370 Sidonianarum
1451 1315 1646 1387 argumenta
1670 1305 1701 1367 in

120 1441 121 1444 η
211 1411 352 1454 examen
376 1392 576 1468 vocabimus,
611 1394 728 1475 quibus
763 1395 903 1476 scriptor
925 1392 979 1457 ille
1012 1393 1179 1476 longiores
1212 1397 1392 1460 carminum
1425 1393 1557 1458 Horatii
1588 1404 1701 1475 partes

212 1481 257 1544 ita
282 1485 469 1563 respexisse
493 1483 631 1559 videtur,
657 1493 693 1547 ut
717 1483 784 1545 sive
809 1484 988 1547 sententias
1013 1485 1082 1571 sive
1106 1485 1210 1547 verba
1233 1503 1398 1566 vocesque
1428 1484 1512 1546 vatis
1542 1483 1711 1546 Venusini.

213 1570 243 1631 in
269 1580 373 1634 artem
398 1590 489 1634 suam
514 1581 711 1636 convertert.
765 1573 873 1634 Priore
897 1582 1007 1636 autem
1032 1573 1063 1636 in
1087 1574 1165 1637 sede
1190 1573 1262 1636 illos
1286 1571 1410 1636 locos'
1403 1592 1434 1635 in
1457 1572 1602 1635 medium
1626 1589 1699 1634 sum

209 1657 405 1739 prolaturus,
444 1660 499 1723 ubl
537 1660 690 1725 Sidonius
737 1661 825 1725 idem
865 1661 991 1725 Horatii
1032 1681 1163 1726 carmen
1201 1663 1343 1745 repetita
1381 1658 1561 1743 appellavit
1597 1663 1699 1742 signi·

208 1745 367 1812 ficatione.

226 1907 229 1914 ·
316 1872 530 1957 Quapropter
577 1876 769 1956 incipiamus
804 1873 846 1938 ab
881 1873 1045 1956 exemplo,
1093 1871 1195 1957 quod
1217 1896 1316 1958 supra
1353 1877 1692 1950 commemoravimus,

207 1963 281 2026 dico
304 1961 371 2028 Sid.
394 1984 421 2030 c.
446 1963 502 2036 lX,
527 1985 557 2028 v.
582 1961 646 2027 215
685 1963 883 2029 »Stesichori
902 1983 1036 2046 »graves
1072 1963 1267 2030 Camenas«.
1313 1965 1427 2048 Atque
1463 1963 1613 2046 proiecto
1646 1972 1696 2027 est

207 2052 409 2133 exemplum,
432 2072 497 2134 quo
521 2053 715 2117 luculentius
739 2054 796 2116 vix
818 2063 931 2133 potest
954 2053 1080 2119 adferri.
1111 2053 1178 2118 Sed
1203 2065 1332 2119 tantum
1355 2055 1459 2130 abest,
1485 2063 1521 2116 ut
1544 2050 1696 2116 Sidonius

207 2161 305 2203 unam
341 2141 429 2204 illam
463 2162 580 2206 vocem
617 2142 776 2206 imitando
812 2143 1021 2223 expresserit,
1060 2153 1095 2207 ut
1130 2153 1286 2224 quantam
1321 2144 1387 2206 vim
1426 2143 1459 2204 in
1493 2140 1696 2222 Apollinaris

205 2240 350 2294 mentem
383 2240 490 2294 totum
523 2229 601 2294 illud
631 2230 749 2295 Horati
783 2250 914 2294 carmen
947 2232 1059 2313 (atque
1093 2233 1236 2296 maxime
1269 2253 1298 2299 v.
1331 2230 1352 2296 ὃ
1386 2233 1470 2313 sqq.)
1503 2231 1694 2305 exercuerit,

203 2317 371 2382 neminem
395 2317 535 2401 propius
569 2317 751 2384 intuentem
775 2318 955 2400 praeterire
979 2318 1097 2401 possit.
1127 2316 1292 2402 Quocirca
1315 2319 1390 2384 illos
1414 2317 1548 2383 Horatii
1580 2338 1695 2383 versus

203 2406 351 2490 integros
375 2406 474 2473 liceat
497 2407 696 2491 exscribere,
722 2407 778 2491 qui
802 2419 877 2473 sunt
899 2429 927 2476 c.
951 2407 1013 2485 IV,
1039 2411 1068 2484 9,
1095 2409 1115 2476 5
1139 2427 1212 2492 sqq.

256 2553 332 2609 non,
357 2531 386 2596 si
409 2531 538 2615 priores
562 2531 735 2599 Maeonius
759 2544 850 2598 tenet
999 2555 1069 2612 nec,
1088 2532 1118 2598 si
1142 2535 1230 2617 quod
1253 2532 1333 2598 olim
1356 2532 1435 2599 lusit
1449 2533 1637 2612 Anacreon,

206 2617 207 2620 ’
257 2623 354 2684 sedes
378 2622 553 2699 Homerus,
571 2620 763 2686 Pindaricae
788 2623 890 2688 latent
998 2623 1123 2690 delevit
1146 2635 1251 2708 aetas,
1275 2626 1378 2706 spirat
1401 2624 1508 2687 adhuc
1532 2642 1626 2685 amor

256 2709 410 2792 Ceaeque
434 2721 467 2775 et
489 2709 608 2774 Alcaei
632 2710 778 2776 minaces
998 2713 1180 2796 vivuntque
1204 2711 1375 2777 commissi
1389 2711 1526 2776 colores

256 2797 505 2883 Stesichorique
529 2821 647 2882 graves
671 2799 861 2876 Camenae,
999 2801 1141 2866 Aeoliae
1165 2801 1285 2866 fidibus
1309 2801 1449 2883 puellae.

203 2924 481 3007 Unumquemque
518 2925 584 2989 fere
616 2923 748 2990 illorum
782 2946 935 2992 versuum
966 2927 1087 2992 Sollius
1121 2926 1223 2991 variis
1256 2925 1339 2991 locis
1373 2923 1538 3008 spectavit
1569 2923 1627 3000 ita,
1653 2935 1689 2989 ut

202 3012 316 3076 Flacci
340 3013 524 3079 sententias
548 3013 660 3078 verbis
684 3015 876 3098 plerumque
901 3014 1060 3080 invoces
1085 3015 1274 3081 usitatiores
1312 3014 1483 3080 declinatis
1519 3013 1688 3094 retineret;

204 3101 273 3166 iam
298 3123 415 3167 versus
439 3101 588 3186 singulos
606 3103 764 3186 deinceps
788 3106 1033 3187 perlustremus.
1057 3103 1191 3170 Horatii
1214 3107 1315 3169 verba
1334 3126 1419 3168 »non
1443 3103 1472 3167 si
1496 3103 1568 3186 pri
1581 3124 1689 3168 ores

201 3190 375 3256 Maeonius
408 3204 537 3258 tenet
567 3195 701 3258 sedes
734 3194 980 3258 Homerus«
1016 3193 1248 3277 Apollinarem
1281 3205 1357 3260 ante
1393 3193 1507 3257 oculos
1530 3192 1688 3257 habuisse

200 3293 291 3363 puto,
316 3302 390 3345 cum
413 3283 496 3345 haec
519 3280 694 3348 scriberet:

331 3405 571 3486 carm‘XXlll,
596 3429 627 3474 ν.
655 3410 718 3476 134
741 3430 789 3493 sq.
816 3407 1011 3491 »primos
1035 3407 1095 3472 vix
1118 3419 1271 3494 poterant
1294 3407 1424 3472 locos
1456 3405 1581 3474 tueri

814 3511 942 3565 torrens
965 3499 1167 3583 Herodotus,
1192 3510 1310 3562 tonans
1331 3496 1591 3562 Homerus«.

199 3621 385 3688 Vocabulis
409 3622 548 3707 singulis
572 3623 742 3709 utriusque
766 3625 830 3690 loci
853 3637 974 3709 cognat
977 3625 1011 3688 io
1035 3624 1207 3706 arguitur3
1243 3621 1401 3690 Sidonius
1425 3621 1559 3687 Horatii
1583 3625 1685 3688 verba

199 3713 473 3780 commutavith.
498 3736 526 3780 e.
545 3714 754 3798 pervulgatls
770 3727 1015 3799 compensavit
1008 3713 1169 3779 Flaccus
1185 3712 1288 3778 d1c1t
1303 3711 1432 3794 priores
1449 3713 1547 3776 sedes
1563 3722 1685 3790 tenere

199 3798 389 3865 Sidonius:
416 3801 541 3884 primos
573 3805 665 3868 locos
689 3803 790 3884 tueri;
814 3809 909 3891 adde,
947 3806 1036 3886 quod
1061 3814 1200 3886 utroque
1224 3803 1298 3866 loco
1322 3804 1362 3867 de
1387 3801 1536 3866 Homero
1560 3801 1685 3867 mentio

199 3887 242 3964 fit,
267 3909 365 3971 quem
382 3891 541 3956 Horatius
559 3893 742 3976 elegantius
767 3914 865 3977 quam
880 3894 1028 3958 aemulus
1044 3907 1142 3958 vocat
1169 3890 1378 3956 »Maeonium
1401 3891 1615 3957 Homerum«
1640 3927 1682 3940 -

199 3977 319 4060 Neque
343 4000 423 4043 vero
447 3979 555 4046 minus
578 3982 758 4048 aemulatio
781 3982 914 4049 Sidonii
947 3981 1120 4047 manilesta
1144 3979 1349 4064 deprehendi
1384 3991 1497 4061 potest
1529 3978 1615 4047 inc.
1640 3979 1683 4046 IX
1741 3999 1744 4006 ·

200 4087 231 4132 v.
257 4068 322 4131 212
348 4088 428 4151 sqq,
452 4069 509 4152 qui
533 4093 647 4136 versus
671 4085 838 4157 tamquam
863 4071 1015 4139 distincti
1039 4082 1115 4136 sunt
1138 4069 1303 4134 coloribus
1328 4067 1541 4137 Horatianis:

250 4193 329 4280 (non
355 4193 424 4281 hic)
448 4209 581 4279 spectes
605 4199 750 4265 carmina
765 4199 884 4264 Pinda·
994 4199 1126 4281 velplus
1136 4197 1445 4282 Stesichorigraves
1456 4199 1630 4280 Camenas,

249 4284 343 4367 rique
367 4288 526 4368 chordas;
549 4335 884 4359 .......
994 4301 1051 4354 aut
1074 4290 1164 4370 quod
1200 4287 1390 4372 composuit
1413 4289 1523 4373 puella
1547 4291 1628 4354 Les·

249 4395 315 4437 non
330 4374 412 4440 laesi
429 4377 625 4461 Archilochi
642 4377 729 4443 feros
744 4377 883 4458 iambos,
993 4377 1056 4457 bis,
1079 4399 1142 4443 non
1167 4380 1257 4462 quod
1291 4423 1628 4449 .......

196 4499 326 4581 Opinor
350 4501 453 4584 igitur
477 4502 647 4569 Sollium
638 4525 672 4567 1n
697 4502 872 4568 fundendis
895 4503 958 4568 illis
981 4502 1133 4570 versibus
1148 4525 1222 4568 sese
1238 4500 1469 4586 composuisse
1493 4505 1536 4569 ad
1550 4503 1682 4569 Horatii

195 4591 387 4690 exemplum
411 4589 450 4674 (c
474 4597 532 4669 IV,
563 4591 593 4670 9,
620 4595 744 4676 6sqq).
776 4593 910 4660 Etenim
935 4605 970 4659 ut
993 4593 1095 4658 missa
1129 4592 1249 4658 faciam
1277 4605 1450 4676 poetarum
1481 4592 1681 4657 Graecorum

195 4678 329 4743 nomina
365 4681 495 4766 utrique
531 4643 605 4746 loch
642 4685 838 4759 communia,
873 4681 982 4783 qualia
1014 4695 1089 4748 sunt
1121 4681 1292 4760 Pindarus,
1318 4683 1492 4766 Homerus,
1530 4680 1679 4765 Sappho,

194 4766 440 4852 Stesichorus1),
474 4773 612 4840 eandem
637 4770 794 4855 loquendi
830 4770 990 4836 rationem
1021 4771 1146 4837 indicat
1181 4771 1279 4837 latior
1313 4771 1368 4835 illa
1392 4733 1579 4838 enuniiatio
1605 4785 1680 4837 »aut

195 4860 283 4938 quod
301 4863 491 4941 composuit
506 4886 539 4946 p.
555 4862 611 4926 L.‹
632 4882 693 4943 pro
717 4858 923 4943 simpliciore
947 4859 1095 4926 dictione
1116 4862 1288 4944 »Sapphus
1304 4859 1481 4944 carmina«,
1507 4882 1590 4944 quae
1605 4882 1676 4924 ver·

193 4946 310 5010 borum
345 4948 543 5018 coniunctio·
569 4949 775 5033 aliquatenus
809 4948 978 5034 conspirat
1013 4971 1086 5014 cum
1112 4950 1292 5015 Horatiana
1320 4971 1397 5014 ›nec
1424 4949 1454 5014 si
1487 4949 1566 5034 quid
1601 4949 1678 5017 lusit

301 5089 321 5158 ¹)
341 5093 372 5143 de
391 5093 541 5148 stesichoro
561 5113 607 5147 nec
629 5093 752 5148 Horatius
771 5112 817 5148 nec
837 5095 957 5146 Sidonius
977 5096 1059 5146 altero
1078 5095 1137 5144 loco
1157 5097 1312 5147 mentionem
1332 5096 1449 5151 iniciunt.
