3876 5604
884 346 1064 410 -60-

227 570 360 654 supino)
394 579 429 633 et
463 569 545 632 Hor.
585 586 636 647 ep.
660 562 706 640 II,
732 563 805 629 21.
831 559 920 650 6891
959 566 1026 634 816.
1054 569 1095 645 V,
1127 566 1191 632 517
1220 579 1254 632 et
1277 567 1358 632 Hor.
1383 568 1479 647 epist.
1502 565 1529 640 Ι,
1554 565 1585 645 4,
1611 569 1651 650 4;
1676 600 1720 611 --

227 649 293 724 su.
318 655 397 730 VII,
435 657 478 722 86
503 651 536 720 et
559 655 639 722 Hor.
664 674 690 722 ο.
714 655 737 732 1,
762 654 793 729 1,
820 652 906 740 199)
953 657 1022 725 su.
1057 655 1136 740 vn,
1175 657 1237 720 187
1276 667 1310 720 et
1345 656 1423 720 Hor.
1448 665 1509 719 sat.
1535 656 1573 733 11,
1599 659 1629 737 7,
1655 653 1718 732 42;

227 750 294 816 Sid.
316 744 398 824 VII,
434 746 495 810 191
535 744 721 826 (improbus
745 742 886 829 Umber)
923 756 957 810 et
979 746 1060 811 Hor.
1085 758 1145 811 sat.
1170 743 1215 822 II,
1241 747 1270 820 6,
1297 743 1340 808 29
1378 744 1563 827 (improbus
1588 742 1719 828 urget),

227 838 295 904 Sid.
320 833 400 909 VH,
437 857 467 900 v.
492 833 556 900 203
598 836 683 914 (quis
714 833 843 896 doctior
877 835 952 918 isto)
990 847 1032 901 et.
1058 837 1139 900 Hor.
1164 848 1224 902 sat.
1249 833 1292 909 Π,
1319 835 1351 909 7,
1375 831 1419 896 42
1457 834 1558 915 (quid,
1586 831 1720 896 stultior

227 928 329 1010 ipso);
365 925 431 992 Sid.
456 923 526 996 Vll,
562 922 626 988 257
651 933 685 987 et
708 923 790 985 Hor.
815 935 875 987 art.
899 946 930 1004 p.
955 945 984 990 v.
1007 926 1073 989 413
1098 923 1242 1010 (sudavit
1265 934 1299 988 et
1322 925 1417 1004 alsit),
1457 924 1523 988 Sid.
1549 920 1629 997 VII,
1654 920 1721 985 398

228 1028 262 1082 et
284 1017 365 1082 Hor.
389 1018 484 1098 epist.
510 1012 538 1090 Ι,
563 1013 594 1088 2,
619 1011 638 1075 7
651 1034 657 1090 ;
705 1012 771 1075 Sid.
794 1032 821 1079 c.
845 1011 925 1096 VII,
948 1015 1014 1080 426
1052 1011 1211 1100 (continet
1236 1015 1314 1095 iras)
1346 1024 1380 1077 et
1404 1014 1485 1078 Hor.
1509 1033 1563 1094 ep.
1588 1010 1615 1086 Ι,
1642 1011 1720 1085 2,8

229 1108 387 1187 (continet
410 1115 521 1169 aestus
547 1099 712 1189 [=iras]);
735 1099 794 1165 Sid
827 1099 905 1180 VII,
932 1124 962 1168 v.
986 1104 1052 1168 433
1079 1115 1112 1170 et
1137 1105 1216 1167 Hor.
1245 1124 1286 1184 ep
1323 1101 1348 1178 I,
1366 1100 1395 1179 2,
1412 1102 1463 1167 42.
1482 1139 1525 1148 -
1549 1100 1617 1168 Sid.
1631 1123 1658 1168 c.
1673 1099 1721 1174 X,

228 1193 249 1260 3
285 1197 379 1276 (satis
414 1192 524 1277 ampla
560 1191 724 1272 supellex)
764 1202 797 1255 et
832 1193 913 1256 Hor.
938 1213 992 1275 ep.
1021 1191 1049 1279 Ι,
1073 1195 1104 1272 5,
1129 1192 1148 1256 7
1158 1213 1166 1278 ;
1201 1193 1240 1256 cf.
1266 1193 1346 1257 Hor.
1371 1204 1431 1257 sat.
1456 1188 1484 1265 I,
1509 1189 1539 1269 6,
1567 1191 1653 1266 118;
1679 1225 1721 1236 -

228 1284 294 1352 Sid.
319 1305 346 1351 c.
370 1281 436 1358 XI,
461 1279 503 1345 79
528 1291 562 1345 et
585 1281 665 1348 Hor.
689 1291 750 1345 sat.
774 1278 801 1364 I,
827 1283 857 1358 6,
886 1283 957 1346 131.
984 1319 1026 1330 -
1059 1283 1123 1348 Sid.
1148 1303 1175 1347 c.
1200 1280 1280 1356 XV,
1307 1281 1349 1346 75
1375 1293 1408 1345 et
1432 1287 1514 1348 Hor.
1540 1300 1591 1360 ep.
1618 1277 1665 1356 ΙΙ,
1690 1279 1721 1358 2,

231 1373 309 1451 176;
333 1373 401 1438 Sid.
425 1371 506 1445 XV,
535 1370 595 1436 107
626 1381 660 1436 et
684 1371 764 1437 Hor.
790 1383 850 1435 sat.
874 1369 920 1446 II,
944 1372 973 1446 2,
1002 1376 1038 1450 1;
1074 1372 1141 1435 Sid.
1166 1373 1208 1436 ib.
1234 1371 1295 1435 121
1322 1383 1356 1435 et
1378 1370 1459 1437 Hor.
1487 1391 1539 1452 ep.
1564 1366 1610 1448 ΙΙ,
1638 1370 1667 1449 1,
1693 1368 1722 1432 2.

229 1499 272 1512 -
297 1463 365 1529 Sid.
389 1459 511 1545 XXII,
539 1459 601 1524 122
626 1472 659 1526 et
682 1461 763 1527 Hor.
788 1464 885 1543 epist.
911 1460 938 1539 Ι,
965 1462 1016 1538 18,
1042 1461 1100 1539 84;
1124 1461 1237 1525 Sidon.
1264 1462 1305 1527 ib.
1329 1460 1394 1524 210
1420 1470 1453 1523 et
1477 1460 1559 1522 Hor.
1578 1461 1673 1541 epist.
1692 1456 1723 1539 Ι,

231 1558 260 1629 1,
286 1551 325 1616 91
353 1551 473 1638 (mutat
495 1550 662 1633 cenacula,
686 1551 814 1631 lectos).
838 1549 907 1616 Sid.
932 1553 975 1618 ib.
1000 1573 1030 1617 v.
1055 1551 1120 1616 218
1144 1561 1177 1615 et
1201 1551 1280 1614 Hor.
1306 1561 1367 1614 sat.
1392 1549 1419 1627 Ι,
1444 1549 1475 1624 3,
1501 1547 1553 1613 68.

335 1678 464 1741 Deinde
489 1674 644 1740 nonnulla
667 1697 821 1740 versuum
846 1679 1005 1758 initiai)
1023 1678 1185 1759 congessi,
1203 1677 1320 1758 quibus
1337 1675 1463 1740 Sidonii
1480 1676 1589 1740 studia
1614 1675 1720 1736 liora-

230 1767 318 1832 tiana
341 1766 495 1832 illustrari
519 1778 680 1849 possunt;
705 1768 788 1830 haec
812 1769 844 1830 in
869 1778 1027 1849 promptu
1052 1767 1180 1845 habeo:

717 2017 747 2097 b)
781 2018 1035 2082 Versuum
1071 2020 1243 2084 initia.

335 2177 402 2246 Sid.
427 2159 452 2242 c,
478 2177 524 2255 ΙΙ,
552 2176 614 2243 139
640 2179 757 2244 festina
782 2190 924 2245 tractare
948 2199 1046 2243 manu
1062 2180 1076 2265 11
1094 2207 1405 2232 -----
1433 2205 1473 2228 υ

336 2270 417 2334 Hor.
443 2279 493 2333 art
529 2290 561 2351 p.
584 2289 616 2333 v.
640 2270 705 2334 269
729 2280 892 2334 nocturna
915 2280 1045 2334 versate
1071 2268 1255 2354 111611611-
1285 2305 1326 2314 -—
1351 2295 1394 2320 υ
1420 2293 1459 2315 υ
1484 2304 1528 2312 -
1552 2291 1594 2316 υ

335 2393 405 2460 Sid.
429 2416 455 2460 c,
479 2392 525 2472 II,
551 2415 581 2462 v.
605 2395 670 2459 286
695 2397 704 2458 1
728 2416 838 2459 nunc
862 2407 903 2460 et
926 2397 1046 2460 veteris
1062 2395 1076 2480 11
1093 2420 1606 2445 ---------

336 2485 417 2550 Hor.
440 2505 493 2567 ep.
519 2482 675 2568 ΙΙ,2,76
700 2486 709 2546 1
734 2505 845 2548 nunc
868 2497 911 2550 et
934 2485 1133 2571 tecumll—
1159 2522 1200 2531 —
1226 2512 1264 2533 υ
1291 2508 1334 2533 υ
1358 2523 1401 2532 -
1427 2510 1466 2534 v
1493 2508 1534 2531 υ
1560 2524 1603 2532 -
1629 2510 1670 2533 ψ

335 2609 402 2676 Sid.
426 2630 453 2676 c.
477 2607 523 2690 II,
545 2609 611 2675 416
635 2611 820 2693 parturiunt
843 2615 951 2691 campi
968 2611 982 2696 11
1000 2637 1373 2662 ------
1399 2647 1442 2656 -
1468 2634 1508 2660 υ

335 2699 416 2767 Hor.
440 2710 500 2765 art.
524 2721 556 2782 p.
583 2699 646 2765 139
670 2700 857 2780 parturiunt
881 2715 1012 2766 montes
1028 2700 1043 2785 11
1060 2725 1569 2751 --------
1576 2700 1603 2784 ⁴)

335 2825 403 2893 Sid.
428 2847 454 2890 c.
478 2824 524 2902 II,
549 2827 614 2891 422
640 2831 700 2890 sub
726 2829 859 2892 domina
884 2839 1059 2909 praesente
1083 2826 1152 2914 (ll)

334 2918 417 2982 Hor.
440 2937 493 2999 ep.
517 2914 544 2992 I,
568 2915 601 2992 2,
625 2917 668 2982 26
692 2918 755 2981 sub
780 2919 918 2994 domina
942 2921 1113 2983 meretrice
1152 2918 1189 3003 11.

335 3043 403 3109 516.
427 3065 453 3109 c.
478 3042 519 3120 V,
545 3042 609 3108 295
633 3043 775 3108 fatorum
802 3056 1007 3109 currente
1033 3057 1140 3128 rota,
1164 3045 1178 3130 11
1195 3063 1259 3125 quo
1285 3081 1326 3092 -
1351 3071 1394 3096 υ
1419 3074 1460 3099 υ
1486 3083 1526 3090 -
1554 3073 1592 3095 υ

336 3135 416 3198 Hor.
440 3144 502 3199 art.
527 3153 559 3214 p.
584 3132 627 3196 22
651 3134 797 3211 institui;
822 3145 1027 3199 currente
1052 3135 1178 3219 rotali
1194 3155 1250 3198 eur
1275 3174 1317 3182 —
1343 3165 1382 3190 υ
1409 3163 1452 3190 υ
1477 3171 1519 3180 -
1544 3132 1616 3217 νῦ)

335 3260 446 3328 Sid.c
479 3259 520 3336 V,
545 3259 611 3325 539
636 3262 763 3364 dicere
770 3262 811 3325 de
836 3261 977 3342 scopulo
993 3260 1007 3346 11
1027 3289 1402 3314 ------
1427 3297 1468 3308 ..
1494 3289 1536 3312 ψ

336 3369 417 3434 Hor.
442 3380 502 3433 sat.
526 3365 554 3452 Ι,
579 3367 609 3444 6,
635 3369 678 3432 39
710 3372 840 3434 deicere
865 3370 905 3432 de
931 3390 1012 3433 saxo
1029 3368 1043 3454 11
1060 3397 1369 3424 -----
1392 3399 1437 3424 ,ψ
1462 3405 1503 3414 -
1530 3395 1569 3420 υ

337 3494 406 3562 Sid.
430 3517 456 3559 c.
480 3492 559 3565 VII.
586 3495 651 3561 214
675 3498 808 3561 verba
832 3495 952 3562 senis
978 3550 986 3568 ,
1014 3498 1105 3560 ducis
1129 3495 1261 3582 hincll

338 3587 404 3652 Sid.
427 3606 454 3651 c.
477 3581 576 3658 XVI,
603 3583 665 3649 111
690 3589 781 3652 vita
805 3590 926 3651 senis

338 3675 418 3740 Hor.
444 3687 504 3740 sat.
529 3672 573 3751 ΙΙ,
601 3675 629 3754 1,
653 3674 697 3740 34
718 3675 811 3742 vita
835 3673 957 3740 senis
983 3727 988 3738 .
1015 3697 1136 3757 sequor
1159 3671 1342 3761 bonelli)

338 3821 436 3886 Certe
461 3841 526 3884 non
551 3820 630 3884 nihil
653 3821 760 3886 adfert
784 3822 826 3887 ad
851 3824 1172 3904 argumentationem
1208 3832 1365 3895 nostram,
1402 3821 1493 3901 quod
1516 3818 1723 3901 Apollinaris

231 3933 275 3976 ex
297 3912 335 3975 iis
359 3913 565 3993 potissimum
603 3910 803 3976 carminibus
839 3932 992 3976 versuum
1033 3910 1212 3992 particulas
1237 3912 1269 3973 in
1295 3929 1389 3974 usum
1425 3928 1519 3973 suum
1545 3908 1723 3985 transtulit,

231 4022 316 4084 quae
339 4000 504 4064 aemulum
527 4000 617 4064 illum
641 4011 810 4086 tamquam
824 4001 858 4067 in
876 4005 948 4066 sinu
973 4012 1124 4084 gestasse
1148 4021 1247 4085 supra
1272 4000 1437 4064 declarare
1462 4000 1572 4062 conati
1598 4018 1725 4062 sumus.

342 4255 365 4318 ¹)
384 4254 424 4304 Cf.
442 4253 495 4304 Sid.
515 4269 593 4304 carm.
614 4255 671 4310 Vll,
694 4273 716 4304 v.
737 4256 790 4304 440
809 4260 835 4303 et
855 4270 878 4303 v.
900 4251 961 4304 447.

339 4321 362 4390 ’1
380 4325 454 4376 Adde
473 4325 528 4375 Sid.
548 4341 623 4377 carm.
644 4322 703 4382 Vll,
723 4327 774 4375 243
796 4322 1019 4391 (armasordentia
1040 4319 1148 4384 castris).

270 4470 276 4483 ⁹
340 4392 360 4458 ⁸)
380 4397 419 4448 Cs.
439 4397 501 4494 Ant.
519 4397 645 4462 Zingerle.
669 4398 754 4464 ,ovid
773 4414 798 4448 u.
817 4414 837 4449 s.
860 4398 951 4448 Verh.“
974 4413 1001 4462 p.
1021 4393 1072 4456 29;
1093 4396 1258 4461 eiusdemque
1279 4397 1328 4447 viri
1348 4397 1459 4447 litterati
1478 4397 1596 4448 libellum
1615 4397 1724 4464 ,Kleine

233 4470 325 4537 phud·
341 4466 742 4607 ⁴Illjglllllllpliliqllezllihibent
765 4535 957 4608 ,parturient“;
987 4539 1026 4592 Cl.
1057 4539 1088 4590 Ο.
1119 4538 1214 4603 Keller,
1246 4539 1341 4605 epileg.
1362 4541 1393 4589 ad
1422 4543 1486 4590 Hor.
1516 4557 1576 4606 pag.
1608 4538 1659 4592 718
1691 4569 1723 4578 -

232 4613 346 4679 Tempus
367 4627 489 4679 praesens
508 4615 589 4663 multo
611 4613 745 4675 efficacius
765 4609 917 4678 iortuisque.

304 4755 309 4767 .
339 4680 360 4751 ⁵)
381 4684 508 4738 Similiter
525 4685 579 4739 sid.
600 4685 657 4748 Vll,
678 4686 730 4736 360
752 4684 798 4747 ,ad
818 4700 909 4736 nomeu
930 4690 1049 4736 currente
1069 4685 1157 4733 Geta
1177 4679 1186 4749 11
1205 4688 1231 4732 et
1251 4682 1304 4738 Sid,
1320 4684 1357 4736 ib.
1373 4685 1424 4735 1195
1443 4684 1483 4750 ,111
1499 4685 1590 4734 llumen
1606 4691 1725 4736 currente

233 4771 312 4806 mm
331 4753 360 4886 Η11
380 4829 515 4878 Praeterea
534 4829 682 4894 comparari
712 4835 818 4894 possunt
838 4828 891 4882 Sid.
912 4845 934 4879 e.
955 4829 986 4885 V.
1008 4825 1060 4880 203
1090 4843 1147 4876 curn
1178 4829 1240 4876 llor.
1262 4833 1310 4878 sat.
1331 4828 1365 4889 ll,
1389 4827 1409 4882 1,
1430 4827 1472 4884 24,
1494 4824 1553 4892 (sat.
1574 4823 1596 4882 l,
1617 4830 1641 4886 1,
1661 4825 1726 4893 63);

233 4899 287 4949 Sid.
307 4899 353 4959 Vl,
372 4897 407 4950 35
428 4896 489 4965 (sq.)
508 4916 565 4950 cum
586 4903 648 4952 Hor.
665 4908 709 4950 art.
732 4917 757 4964 p.
781 4901 848 4961 131,·
866 4901 920 4950 Sid.
940 4901 990 4949 Vll
1010 4917 1034 4952 v.
1057 4901 1104 4949 181
1127 4907 1151 4948 et
1175 4900 1225 4948 184
1246 4914 1302 4948 cum
1333 4901 1395 4952 Hor.
1424 4905 1463 4948 sat
1494 4902 1513 4958 1,
1534 4903 1549 4948 9
1570 4916 1594 4950 v.
1615 4903 1629 4948 3
1650 4906 1675 4948 et
1694 4897 1725 4964 4;

234 4970 287 5022 Sid.
308 4971 368 5036 Vll,
388 4972 437 5022 271
459 4973 607 5030 (multorum
629 4998 659 5006 -
682 4969 757 5038 unus)
776 4978 802 5021 et
823 4973 886 5023 Hor.
906 4979 954 5024 snt.
976 4974 995 5028 l,
1016 4975 1041 5033 9,
1075 4973 1105 5021 11
1136 4988 1164 5034 sq
1202 4967 1472 5036 (unuslmultoruml;
1503 4972 1554 5022 Sin,
1586 4967 1644 5030 Vll,
1674 4969 1725 5024 377

233 5058 290 5162 ellim
310 5043 374 5094 Hor.
394 5047 442 5094 sat.
462 5043 482 5098 1.
504 5047 517 5094 1
540 5061 562 5094 v.
585 5047 635 5095 106
656 5047 681 5094 et
700 5049 748 5094 sat.
769 5043 802 5096 ll.
822 5045 847 5103 ὁ,
865 5041 909 5096 96.
948 5043 1129 5108 Exemplorum
1160 5045 1250 5093 horum
1279 5042 1361 5092 minus
1391 5044 1507 5106 gravium
1535 5059 1652 5093 numerus
1672 5059 1724 5092 am·

233 5111 348 5178 pilicari
368 5118 464 5180 potest.
1273 5131 1276 5138 ·
