3876 5604
785 367 960 436 -53-

99 575 242 642 Etenim
281 582 468 646 verborum
505 601 679 665 rerumque
711 581 918 664 conspiratio
950 593 1001 647 est
1026 581 1211 660 manifesta,
1247 582 1506 666 imitationisque
1531 584 1614 647 fides

101 685 146 727 eo
173 680 346 750 augetur,
382 671 472 752 quod
496 681 633 775 uterque
667 682 768 752 poeta
798 671 910 736 verbis
932 671 999 736 illis
1022 670 1184 736 similibus
1208 672 1354 755 adpellat
1377 675 1619 755 imperato·

100 775 207 822 rem
260 759 478 823 Locutiones
503 765 652 910 gemsinae
676 760 830 843 leguntur
853 763 941 842 apud
968 762 1142 825 Horatium
1166 781 1263 824 carm
1289 759 1353 838 ΙΙΙ,
1371 761 1412 825 17
1437 783 1467 825 ν.
1491 763 1553 825 4»
1541 781 1620 843 »per

100 865 286 910 memores
315 869 429 952 genus·
448 868 546 913 omne
572 849 693 916 fastos«
722 861 755 915 et
778 849 998 915 Sidoniumc.
1022 847 1154 926 XXIII,
1178 872 1209 915 v.
1234 849 1295 914 221
1323 861 1356 915 et
1379 851 1455 924 ibid,
1484 853 1546 916 176
1570 871 1621 934 sq

102 931 307 1019 (Consenti,
345 940 472 1020 patriae
504 939 604 1002 decus
637 942 815 1021 superbum
847 938 940 1003 lastis
970 940 1051 1003 vivit
1082 959 1161 1002 avus
1185 953 1346 1022 paterque
1370 938 1480 1022 libris).

213 1025 299 1106 Jam
329 1047 409 1090 vero
434 1026 675 1110 praelationem
701 1027 905 1130 epithalamii
929 1030 1007 1092 dicti
1031 1027 1182 1092 Polemio
1207 1039 1240 1093 et
1264 1027 1453 1091 Araneolae
1478 1026 1617 1094 strictim

103 1123 320 1196 tangamus,
348 1115 405 1180 ubi
430 1115 637 1201 Apollinaris
661 1119 763 1181 verba
790 1116 882 1182 »dies
905 1155 940 1165 —
965 1117 1076 1182 album
1101 1137 1200 1200 quem
1223 1115 1313 1199 picei
1337 1115 1468 1198 lapillus
1489 1117 1559 1181 Indi
1574 1153 1617 1164 -

103 1205 245 1284 signet«
290 1205 393 1270 liceat
421 1225 615 1287 comparare
644 1226 718 1269 cum
742 1207 824 1270 Hor.
856 1227 882 1273 c.
907 1207 938 1280 1,
957 1208 1011 1282 36,
1045 1205 1086 1272 10
1110 1217 1142 1271 et
1166 1227 1240 1270 curn
1264 1205 1337 1272 Cat.
1371 1227 1398 1270 c.
1420 1208 1463 1271 68
1486 1228 1517 1271 ν.
1543 1205 1619 1284 148;

106 1293 171 1356 107
200 1315 234 1358 ν.
263 1295 299 1372 6;
327 1296 405 1360 Plio,
432 1306 501 1362 nat.
527 1297 556 1360 h.
582 1293 662 1370 VII,
689 1295 791 1378 13t.¹)
822 1297 949 1360 Deinde
974 1295 1122 1360 Geislero
1146 1294 1372 1377 adstipulante
1395 1295 1522 1360 Sidonii
1546 1315 1621 1358 ver·

104 1379 160 1444 bis
189 1381 238 1466 (v.
268 1385 331 1468 27)
362 1386 545 1449 »cecinit
569 1383 735 1449 minore
759 1385 953 1467 plectro«
992 1383 1151 1448 subiciam
1184 1385 1265 1449 Hor.
1297 1403 1395 1451 carm.
1419 1385 1477 1457 lv,
1503 1384 1522 1450 2
1547 1403 1621 1447 ver·

106 1491 182 1533 surn
211 1471 261 1536 33
303 1476 532 1538 ‚concinet
556 1475 715 1538 maiore
746 1477 956 1556 plectro‹;
988 1473 1027 1540 ci.
1059 1477 1156 1539 etiarn
1189 1475 1269 1537 Hor.
1305 1493 1405 1538 carm.
1441 1472 1486 1558 ΙΙ,
1523 1474 1550 1548 1,
1575 1471 1620 1538 40

108 1561 257 1640 (quaere
286 1565 407 1626 modos
432 1563 555 1626 leviore
579 1563 731 1646 plectro),
755 1563 824 1630 Sid.
848 1585 876 1629 c.
899 1561 995 1640 XVI,
1020 1563 1080 1641 70;
1128 1561 1180 1628 Ps.
1204 1563 1305 1645 Verg.
1330 1561 1399 1629 Cul.
1423 1562 1454 1641 8;
1479 1562 1619 1628 simil.

107 1649 201 1712 Sid.
232 1650 299 1724 IX,
325 1651 390 1716 228
421 1654 567 1715 >minore
591 1654 755 1733 rythmm.

225 1739 495 1823 Epithalamium
531 1741 669 1803 Polemii
708 1753 742 1807 et
776 1741 965 1805 Araneolae
1002 1751 1227 1822 perscrutatus
1260 1738 1339 1825 (Sid.
1370 1760 1396 1808 c.
1421 1738 1501 1823 XV)
1535 1739 1620 1804 hanc

112 1831 371 1910 exemplorum,
397 1849 481 1910 quae
505 1829 568 1892 huc
592 1843 752 1912 spectant,
779 1831 932 1914 congessi
956 1829 1139 1894 lectionem.
1171 1831 1315 1892 Primum
1338 1826 1373 1891 in
1397 1826 1536 1893 dubium
1559 1849 1619 1912 po·

110 1927 181 1981 test
207 1921 339 1995 vocari,
365 1937 442 1981 num
467 1921 535 1981 iure
559 1917 728 1982 Geislerus
753 1919 845 2005 (diss.
871 1941 893 2001 p
930 1919 981 2001 18)
1012 1938 1086 1981 cum
1111 1919 1178 1984 Sid.
1201 1938 1231 1983 ν.
1255 1917 1275 1982 3
1300 1917 1505 2000 (Erechtheo
1528 1916 1620 1981 Xan·

110 2007 213 2069 thum
252 2008 407 2072 mutabat
454 2009 629 2091 Hymetto)
673 2012 895 2091 composuerit
932 2009 1013 2071 Hor.
1049 2028 1076 2073 c.
1115 2005 1141 2080 I,
1184 2007 1232 2081 17,
1276 2011 1290 2072 l
1329 2005 1518 2091 (amoenum
1562 2059 1568 2072 .
1614 2054 1621 2070 .

114 2095 334 2161 Lucretilem
365 2108 469 2161 mutat
500 2098 636 2178 Lycaeo
660 2099 816 2181 Faunus),
850 2099 1004 2180 quoniam
1028 2095 1187 2160 Horatius
1215 2098 1408 2178 saepissime
1433 2095 1519 2158 hanc
1550 2113 1620 2158 rnu-

117 2188 216 2247 tandi
243 2185 342 2249 voris
367 2185 646 2250 constructionem
671 2197 807 2270 usurpat
839 2188 982 2250 velutin
1014 2205 1102 2248 carm
1145 2182 1619 2267 1,29;15,ep0u.1x,28·;

116 2287 182 2339 sat.
210 2272 262 2350 II,
291 2279 320 2348 7,
349 2275 411 2338 110
435 2276 475 2337 al.
502 2274 613 2356 Quare
637 2275 778 2357 reliquos
803 2278 904 2354 locos,
940 2295 1024 2357 quos
1049 2276 1166 2338 doctus
1190 2274 1297 2336 ille
1267 2276 1316 2336 vir
1339 2274 1476 2351 addidit,
1513 2233 1621 2336 rieuti·

119 2383 226 2442 quam
254 2367 300 2426 ad
324 2365 403 2427 hoc
427 2363 534 2426 Flacci
559 2384 689 2427 carmen
714 2367 821 2429 redire
844 2366 913 2428 veri
937 2363 1046 2427 simile
1070 2374 1192 2427 est.-
1209 2355 1381 2426 Sidonium
1405 2383 1489 2428 vers.
1513 2360 1557 2425 40
1572 2379 1621 2442 sq

119 2450 228 2532 aquid
248 2465 417 2517 menstrua
441 2453 564 2515 lunae
586 2452 590 2538 Ι
610 2457 811 2518 incrementa
835 2463 1016 2532 parent,
1042 2450 1184 2517 totidem
1207 2472 1265 2515 eur
1288 2453 1388 2516 dam
1401 2472 1454 2515 na
1477 2469 1617 2532 sequan-

117 2551 189 2602 tur«
221 2541 347 2605 haud
338 2562 566 2606 immemorem
590 2543 769 2610 Horatiic
792 2541 851 2621 IV,
877 2543 905 2618 7,
934 2543 984 2624 13,
1013 2543 1187 2606 »damna
1209 2551 1321 2605 tamen
1343 2540 1466 2604 celeres
1491 2560 1538 2603 re
1550 2559 1620 2621 pa·

120 2649 165 2691 ra
180 2652 202 2692 n
217 2644 232 2694 t
258 2632 414 2694 caelestia
437 2631 478 2693 lu
494 2652 513 2692 n
527 2653 595 2694 ae
615 2633 784 2716 serpsisse
801 2631 928 2714 opinor
955 2591 1026 2694 11εο
1043 2633 1147 2694 minus
1163 2629 1366 2696 confidenter
1378 2629 1619 2693 adfirmaverim

120 2718 368 2801 Apollinarem,
394 2740 467 2783 cum
492 2724 574 2783 haec
605 2723 647 2784 de
671 2719 978 2806 Amphitryoniade
1009 2729 1154 2784 narraret
1184 2722 1226 2799 (ν
1255 2718 1319 2783 138
1339 2715 1408 2825 sq)
1438 2716 1619 2798 »vultuque

119 2809 324 2872 dolentis
349 2807 556 2909 extingui
580 2811 746 2876 dellet-
771 2831 929 2893 angues,
963 2829 1142 2872 memorem
1167 2829 1202 2872 se
1226 2807 1432 2890 praestitisse
1456 2804 1620 2886 carminis,

120 2901 215 2976 quod
245 2902 353 2962 animo
378 2897 546 2979 mentique
570 2901 700 2980 penitus
725 2901 950 2975 mandaverat,
975 2897 1052 2962 dico
1076 2918 1175 2964 carm
1201 2895 1260 2974 IV,
1286 2901 1317 2978 4,
1342 2895 1399 2962 ubi
1424 2894 1619 2981 legitur(tr.

120 2984 161 3050 61
190 2986 257 3070 sq.)
286 3008 370 3050 »non
394 2990 439 3070 h)
442 2990 500 3050 dra
516 3024 558 3034 -—
575 2988 698 3051 firmior
722 2988 841 3052 vinci
865 2990 1086 3052 dolentem
1109 2988 1211 3050 crevit
1235 2989 1266 3049 in
1285 2986 1493 3052 Herculem.
1518 2983 1620 3050 Sido·

121 3077 165 3138 nii
191 3076 320 3140 dictum
350 3089 497 3140 »sanctas
521 3077 631 3158 leges«
661 3078 704 3160 (ν,
733 3075 809 3161 157)
834 3078 974 3142 sortasse
998 3077 1220 3139 revocandum
1245 3086 1295 3140 est
1317 3077 1360 3139 ad
1377 3076 1457 3138 Hor.
1483 3087 1546 3138 sat.
1573 3072 1618 3149 ΙΙ,

125 3167 154 3243 1,
181 3167 238 3241 81,
264 3179 449 3229 sanctarum
473 3165 603 3230 inscitia
628 3168 770 3245 legum«,
810 3166 964 3250 Denique
989 3165 1096 3228 Flacci
1120 3163 1281 3229 clausulas
1309 3161 1620 3246 ›compellans-

123 3274 234 3317 voce
252 3256 419 3318 cuculum«
439 3257 511 3334 (sat.
527 3253 553 3329 Ι,
574 3257 604 3337 7,
622 3255 677 3336 31)
694 3266 726 3320 et
746 3268 937 3336 »correptus
961 3275 1067 3320 voce
1091 3256 1307 3336 magistri«
1328 3254 1417 3317 haud
1441 3251 1527 3314 male
1545 3271 1621 3314 con·

125 3340 237 3407 cinere
255 3357 338 3426 puto
355 3365 428 3407 cum
446 3342 573 3407 Sidonii
593 3343 736 3408 clausula
751 3365 866 3408 versus
888 3346 947 3409 192
969 3341 1227 3424 »compellat
1249 3362 1354 3407 voce
1379 3362 1440 3406 ma
1449 3340 1623 3424 gisterc.

230 3451 302 3532 Jarn
335 3453 377 3515 ad
402 3449 532 3516 Sidonii
563 3472 694 3516 carmen
727 3464 861 3516 sextum
893 3453 1056 3514 decimum
1082 3451 1288 3524 accedamus,
1321 3452 1412 3513 cuius
1440 3446 1544 3511 index
1568 3458 1622 3513 est

133 3540 372 3604 »Euchariston
389 3544 431 3604 ad
451 3541 607 3604 Faustum
631 3539 861 3624 episcopum«.
887 3536 963 3621 Quo
987 3543 1018 3603 in
1035 3552 1190 3621 poemate
1214 3538 1389 3602 nonnullae
1408 3536 1622 3602 inveniuntur

130 3631 381 3709 enuntiationes,
416 3650 500 3712 quae
524 3633 566 3692 ad
591 3631 670 3702 Hor,
702 3628 799 3710 epist.
825 3627 851 3704 Ι,
881 3635 919 3694 16
944 3631 1108 3712 pertinere
1132 3629 1368 3692 videntur.
1392 3625 1496 3690 Sidon
1521 3646 1551 3692 v.
1577 3625 1620 3690 68
1718 3659 1720 3664 ·

135 3719 195 3779 »da
218 3719 360 3803 laudare,
385 3721 427 3783 da
452 3718 579 3782 solvere
604 3731 734 3801 grates«
762 3738 994 3801 comparamus
1017 3737 1102 3782 curn.
1126 3718 1206 3780 Hor.
1233 3737 1284 3798 ep.
1309 3714 1335 3788 Ι,
1366 3718 1403 3779 16
1429 3736 1459 3780 ν.
1485 3715 1524 3778 61
1558 3715 1622 3778 »da

134 3807 209 3868 mihi
238 3806 358 3882 fallere,
392 3810 433 3872 da
464 3809 612 3872 iusto..
643 3806 779 3882 videri«,
813 3809 933 3872 deinde
965 3805 1034 3872 Sid.
1060 3826 1082 3869 ν
1119 3806 1182 3870 120
1217 3825 1358 3868 »crura
1389 3807 1441 3868 cui
1464 3814 1620 3870 tenuat

137 3895 210 3957 sub
233 3900 441 3978 compede
473 3917 601 3958 carcer«
637 3896 833 3962 memoriam
859 3895 985 3960 excitat
1016 3893 1149 3959 Horatii
1180 3893 1277 3977 epist.
1311 3892 1337 3964 Ι,
1366 3894 1406 3958 16
1430 3913 1459 3959 ν,
1485 3894 1524 3958 77
1560 3891 1622 3975 (in)

138 3987 437 4067 ’compedibus
462 4007 562 4048 saevo
586 4001 619 4048 te
643 3988 719 4049 sub
744 3988 930 4050 custode
955 3985 1147 4062 tenebo‹;
1173 3986 1258 4048 adde
1283 3985 1383 4064 epod.
1409 3981 1455 4047 IV
1472 4003 1505 4047 v.
1530 3981 1620 4062 3sq.

139 4086 286 4154 ’peruste
311 4097 433 4138 crura
458 4078 538 4138 dura
562 4077 803 4156 compede«.
826 4110 869 4122 -
886 4076 1061 4139 Praeterea
1084 4071 1238 4137 Sidonius
1255 4092 1284 4140 ν.
1305 4073 1344 4138 13
1367 4077 1411 4156 (et
1435 4069 1619 4153 fragilis

133 4164 277 4227 valido
301 4164 395 4229 latuit
420 4216 426 4228 .
449 4161 469 4245 .)
493 4165 580 4227 haud
605 4167 673 4227 scio
697 4185 738 4228 an
765 4183 885 4245 gnarus
910 4161 1041 4227 Horatii
1066 4173 1127 4227 sat.
1153 4160 1234 4237 II,l
1261 4182 1292 4225 v.
1310 4163 1350 4226 77
1376 4180 1425 4243 sq.
1451 4157 1621 4244 (fragili

133 4270 294 4333 quaerens
311 4253 448 4318 inlidere
475 4255 607 4317 dentem
632 4253 778 4318 offendet
801 4250 962 4336 solido)
986 4250 1165 4336 scripserit,
1191 4252 1346 4334 quoniam
1371 4249 1458 4314 illam
1483 4251 1618 4314 satiram

132 4341 325 4422 saepissime
361 4340 602 4425 significatione
638 4341 792 4424 adpellat,
832 4339 959 4404 Sidonii
995 4341 1326 4423 comprehensionem
1370 4338 1461 4403 »solo
1500 4338 1621 4402 venit

131 4430 326 4496 victoria
349 4444 496 4496 cantu«
538 4431 580 4516 (v.
608 4431 660 4511 17)
685 4450 905 4513 magnacum
937 4430 1001 4494 fide
1033 4450 1077 4492 ex
1102 4427 1230 4494 Horatii
1261 4428 1393 4492 hortulo
1426 4430 1621 4511 decerptam

132 4540 205 4583 esse
229 4523 441 4585 stuatnimus:
466 4520 533 4584 vid.
558 4531 618 4585 sat.
636 4517 661 4595 Ι,
682 4520 710 4594 1,
728 4519 796 4585 ν.8
824 4518 965 4584 »venit
988 4517 1177 4584 victoria
1201 4518 1353 4582 laeta«.
1395 4518 1513 4600 Neque
1537 4535 1618 4580 vero

133 4612 240 4673 minus
264 4610 467 4674 confidenter
490 4609 580 4673 Sollii
605 4611 728 4674 dictum
756 4627 835 4691 »per
859 4621 1007 4672 nostrum
1033 4607 1176 4672 facinus«
1204 4609 1245 4670 ab
1271 4607 1412 4672 Horatio
1437 4603 1624 4670 derivatum

118 4719 207 4763 -esse
231 4698 473 4775 contendimus
499 4700 555 4780 qui
578 4697 659 4763 dicit
686 4719 764 4780 »per
788 4711 936 4762 nostrum
960 4697 1105 4780 patimur
1129 4696 1254 4761 scelus«
1283 4697 1325 4780 (c.
1349 4696 1373 4776 l,
1398 4695 1431 4773 3,
1456 4695 1522 4773 39).
1558 4695 1625 4758 De-

133 4791 230 4871 nique
255 4809 321 4851 non
346 4794 416 4853 sine
439 4787 511 4852 veri
534 4790 643 4870 specie
667 4807 907 4867 componemus
923 4785 990 4853 Sid.
1006 4809 1037 4852 v.
1057 4787 1119 4850 118
1148 4797 1208 4851 »tu
1232 4784 1465 4850 sollicitus
1488 4803 1625 4864 curas,

134 4899 213 4959 qua
237 4931 243 4944 .
269 4925 308 4944 ..
340 4878 450 4942 vivat«
486 4899 503 4940 e
537 4898 568 4959 q.
592 4897 616 4942 s.
641 4897 714 4939 cum
739 4877 820 4942 Hor.
845 4896 944 4942 carm.
970 4875 1020 4940 lll.
1046 4875 1099 4960 29,
1127 4879 1167 4942 25
1192 4894 1239 4958 sq.
1278 4885 1338 4940 »tu
1365 4921 1406 4944 ..
1438 4893 1567 4938 curas
1592 4883 1626 4938 ct

134 4969 207 5030 urbi
231 4966 456 5032 sollicitus
480 4971 586 5048 times,
612 4964 715 5048 quid
739 5012 746 5027 .
774 4991 801 5032 ,ι
829 4985 856 5030 e.
881 4984 912 5048 q.
937 4987 963 5031 s.

243 5126 262 5196 ¹)
285 5130 344 5178 Vid.
366 5127 473 5178 Becleri
493 5127 624 5178 Charicles
644 5122 676 5178 ll.
697 5141 756 5192 pag.
777 5127 836 5177 129.
