3876 5604
850 327 1030 391 ..41-

498 541 576 606 vina
602 540 683 606 mihi
706 562 772 605 non
798 550 874 605 sunt
899 536 1069 615 Gazetica‚
1095 537 1188 617 Chia,
1211 538 1352 602 Falerna

499 651 650 714 quaeque
674 629 860 714 Saraptano
883 627 1022 713 palmite
1047 630 1147 693 missa
1172 629 1275 704 bibas,

177 759 373 842 quibuscum
399 755 549 821 versibus
574 758 693 821 doctus
717 754 771 820 ille
796 757 846 818 vir
870 756 1060 836 composuit
1082 755 1164 816 Hor.
1189 774 1219 820 c.
1242 751 1265 827 Ι,
1292 751 1336 817 20
1359 774 1390 820 ν.
1416 751 1458 817 10
1482 770 1555 836 sqq.

273 904 366 946 »mea
389 903 450 946 nec
474 881 633 945 Falernae
658 891 848 964 temperant
870 877 958 945 vites
981 899 1087 962 neque
1112 877 1282 943 Formiani
1306 877 1426 962 pocula
1451 877 1588 944 colles«.

176 1008 245 1073 Sed
270 1007 305 1070 in
329 1005 382 1071 his
407 1007 635 1072 aemulationis
659 1004 814 1088 vestigiis
838 1026 918 1070 sane
942 1003 1167 1088 probabilibus
1202 1007 1413 1087 acquiescere
1439 1025 1506 1068 non
1535 1022 1678 1086 aequum

177 1109 238 1172 est,
266 1099 389 1180 quippe
413 1117 488 1160 cum
511 1096 574 1160 alia
594 1117 661 1159 non
686 1097 792 1158 minus
816 1099 930 1178 gravia
946 1096 1106 1160 accedant
1130 1093 1337 1179 testimonia,
1363 1115 1380 1158 e
1405 1095 1524 1177 quibus
1540 1092 1678 1172 Sollium

176 1187 252 1251 aliis
300 1206 433 1269 quoque
472 1187 567 1250 huius
607 1187 758 1248 carminis
799 1185 878 1249 locis
918 1186 960 1249 ad
998 1186 1107 1249 Flacci
1147 1183 1292 1266 vestigia
1331 1204 1406 1248 sese
1453 1181 1676 1266 adplicavisse

177 1274 391 1360 perspicitur.
438 1276 581 1339 Primum
627 1273 714 1358 fugit
751 1272 951 1348 Geislerum
978 1273 1107 1339 Sidonii
1153 1272 1490 1356 comprehensionem
1541 1291 1678 1355 ›quae

179 1364 581 1450 (vina)Saraptano
617 1365 817 1446 palmite
849 1367 994 1428 missa
1029 1364 1186 1428 bibas«
1222 1373 1387 1427 nontam
1421 1363 1464 1427 ad
1496 1361 1677 1427 versusab

179 1460 253 1539 ipso
287 1453 447 1537 prolatos
483 1475 582 1536 quam
616 1455 658 1516 ad
692 1455 839 1518 eiusdem
863 1454 1013 1517 carminis
1036 1453 1151 1518 Horat.
1177 1473 1208 1516 v.
1240 1454 1334 1534 9sq.
1367 1451 1571 1516 referendam
1603 1469 1677 1514 esse

183 1559 334 1607 »uuam
359 1543 540 1607 Caleno
565 1543 703 1624 prelo
735 1543 962 1607 domitam
986 1539 1171 1620 bibes.‹¹)
1194 1542 1299 1605 Porro
1323 1539 1529 1605 Sidonium
1520 1561 1555 1604 1n
1579 1560 1609 1605 v.
1635 1537 1676 1602 17

179 1654 250 1717 sqq
277 1632 458 1697 luculenter
481 1634 570 1698 dicta
594 1633 776 1696 Horatiana
801 1653 860 1696 sua
883 1633 999 1695 fecisse
1023 1653 1089 1696 non
1113 1629 1197 1695 vidit
1220 1629 1401 1708 Geislerus;
1437 1630 1577 1713 legimus
1603 1628 1672 1691 hic:

472 1741 612 1823 »pocula
635 1759 701 1803 non
725 1738 780 1803 bic
804 1751 880 1804 sunt
904 1737 1043 1803 illustria
1068 1736 1202 1803 nomine
1227 1736 1318 1821 pagi,

470 1849 491 1912 q
505 1852 524 1892 u
538 1851 559 1892 ο
572 1831 593 1895 d
618 1849 737 1912 posu
750 1830 786 1895 it
810 1831 931 1893 nostris
954 1827 1001 1912 ip
1016 1849 1062 1892 se
1088 1826 1240 1893 triumvir
1263 1829 1371 1910 agris«

178 1957 300 2020 Nescio
324 1957 354 2018 in
380 1976 478 2039 quem
503 1956 612 2019 Flacci
634 1956 744 2021 locum
767 1953 837 2020 Sid.
870 1973 984 2018 versus
1010 1954 1049 2018 17
1075 1954 1191 2018 melius
1223 1954 1374 2036 quadret,
1408 1973 1509 2036 quam
1534 1955 1567 2016 in
1590 1952 1674 2018 Hor.

178 2068 205 2110 c.
232 2046 253 2113 l.
280 2067 309 2111 ν.
336 2045 378 2109 10
402 2066 486 2129 sqq,
509 2046 564 2109 ubi
587 2066 724 2129 prorsus
747 2047 864 2109 eadem
888 2042 1088 2125 proponitur
1114 2043 1294 2119 sententia;
1319 2053 1417 2125 atque
1441 2041 1507 2105 hoc
1531 2044 1674 2106 maxime

178 2132 340 2219 respicias
364 2137 503 2198 eandem
527 2132 596 2198 vim
631 2139 738 2199 inesse
772 2133 806 2197 in
830 2131 959 2198 Horatii
984 2134 1251 2215 pronuntiatione
1289 2153 1369 2196 »nec
1392 2131 1553 2196 Falernae
1587 2129 1674 2196 vites

178 2246 287 2306 neque
321 2223 490 2288 Formiani
521 2224 639 2287 colles«
676 2235 775 2306 atque
806 2225 838 2286 in
870 2220 998 2286 Sidonii
1030 2221 1201 2287 enuntiato
1238 2222 1393 2287 »illustria
1428 2219 1564 2285 nomina
1595 2222 1674 2304 pagi

179 2313 311 2420 (vina).
350 2315 436 2376 Tum
460 2312 665 2397 Apollinaris
689 2334 719 2380 ν
745 2313 786 2376 22
815 2315 923 2395 »quod
947 2314 1062 2394 posuit
1082 2311 1155 2395 ipse
1180 2313 1346 2377 triumvir«
1374 2332 1417 2374 ex
1442 2330 1516 2374 mea
1540 2311 1673 2393 quidem

179 2404 338 2484 opinione
362 2401 540 2468 Horatiani
564 2405 715 2467 carminis
739 2421 871 2466 versum
897 2402 1037 2466 alterum
1070 2402 1233 2483 »quod
1225 2420 1319 2482 rpse
1348 2401 1516 2465 conditum
1551 2397 1669 2464 levi«

180 2496 318 2575 attingit
387 2490 541 2574 Denique
573 2492 720 2556 aemulus
758 2493 930 2554 Arvernus
971 2489 1102 2556 Horatii
1140 2489 1272 2554 dicendi
1314 2491 1475 2554 rationem
1513 2489 1672 2554 imitando

181 2586 356 2661 expressit,
374 2584 429 2661 qui
446 2581 609 2647 cantilena
633 2582 686 2645 illa
703 2579 866 2645 convivae
890 2581 1016 2659 indixit,
1034 2600 1101 2662 quo
1126 2591 1208 2661 potu
1233 2579 1371 2644 deberet
1396 2599 1470 2644 esse
1486 2589 1670 2644 contentus.

182 2669 354 2735 Sidonium
379 2671 458 2735 illud
481 2670 591 2734 Flacci
614 2673 783 2735 inventum
807 2691 868 2752 pro
894 2689 986 2732 more
1010 2690 1070 2733 suo
1094 2668 1128 2733 in
1160 2680 1267 2734 totum
1299 2668 1368 2733 fere
1402 2689 1534 2733 carmen
1559 2679 1672 2734 exten·

181 2762 266 2824 disse
290 2763 449 2826 videmus.
473 2760 525 2846 (cf.
549 2760 615 2828 Sid.
639 2782 667 2824 c.
691 2758 806 2835 XVII,
830 2761 904 2823 inde
929 2780 948 2822 a
971 2779 1068 2822 versu
1092 2759 1251 2842 quinto.)—

286 2867 397 2932 Simili
420 2871 544 2934 ratione
561 2871 743 2934 sententiae
758 2869 842 2932 inter
858 2888 893 2931 se
910 2867 1079 2948 excipiunt
1102 2868 1191 2948 apud
1217 2867 1295 2931 Hor.
1323 2887 1375 2949 ep.
1402 2863 1429 2946 I,
1454 2865 1485 2944 5,
1510 2862 1569 2929 ubi
1594 2885 1669 2930 cum

180 2955 323 3022 carmine
362 2959 495 3022 laudato
530 2958 718 3022 conferendi
755 2970 831 3021 sunt
864 2978 893 3024 ν.
932 2961 947 3020 1
987 2975 1035 3039 sq.
1074 2968 1106 3021 et
1140 2955 1162 3018 4
1195 2975 1267 3038 sqq.
1313 2953 1394 3020 Ilico
1433 2956 1589 3021 Horatius
1626 2957 1669 3020 de

179 3047 376 3130 supellectili
398 3049 440 3112 ad
465 3068 580 3111 cenam
613 3045 800 3111 necessaria
824 3043 1028 3110 mentionem
1061 3043 1141 3110 facit
1164 3068 1194 3110 v.
1228 3046 1268 3110 21
1295 3064 1368 3127 sqq.
1401 3047 1485 3110 sicut
1509 3042 1668 3109 Sidonius

178 3159 206 3204 c.
230 3135 344 3217 XVII,
369 3158 399 3202 v.
423 3136 443 3202 5
467 3156 538 3219 sqq.
562 3139 709 3220 (verbum
733 3133 931 3218 splendendi
954 3135 1074 3216 legitur
1103 3137 1192 3216 apud
1216 3135 1296 3202 Hor.
1320 3157 1350 3202 v.
1375 3139 1394 3198 7
1419 3145 1452 3199 et
1476 3133 1543 3198 Sid.
1568 3155 1599 3198 v.
1625 3133 1669 3213 7)

177 3227 252 3288 Huc
275 3229 412 3304 accedit,
431 3227 520 3308 quod
535 3229 661 3308 utrique
678 3223 832 3307 scriptori
855 3225 923 3288 dies
941 3221 1060 3288 natalis
1084 3225 1300 3289 celebrandus
1316 3223 1460 3288 convivii
1483 3221 1667 3288 instruendi

177 3314 391 3380 occasionem
415 3317 554 3398 praebet
578 3313 660 3402 (Sid.
683 3337 714 3380 ν.
740 3316 760 3378 3
786 3326 819 3379 et
842 3315 924 3378 Hor.
950 3335 979 3378 ν.
988 3313 1048 3411 9)

284 3423 353 3488 Iam
376 3445 455 3487 vero
488 3423 551 3487 alio
583 3423 800 3488 delectaberis
834 3422 1000 3505 exemplo,
1033 3425 1074 3487 de
1109 3443 1175 3505 quo
1208 3425 1325 3486 iterum
1359 3419 1467 3485 minus
1500 3418 1668 3486 subtiliter

177 3513 345 3578 Geislerus
370 3515 461 3596 (diss
486 3535 517 3613 p
544 3511 610 3595 17.)
634 3515 821 3595 disputasse
845 3515 922 3577 mihi
946 3514 1085 3578 videtur
1120 3513 1208 3577 Dicit
1231 3515 1318 3575 enim
1341 3511 1393 3574 ille
1418 3509 1589 3574 Sidonium
1614 3522 1667 3576 sat

177 3601 294 3667 mirum
328 3602 520 3668 imitationis
551 3603 741 3685 exemplum
774 3603 964 3685 proferre
955 3611 1004 3665 rn'
1022 3629 1048 3670 c.
1081 3603 1137 3676 IX,
1170 3624 1201 3665 v.
1235 3601 1300 3664 238
1334 3600 1521 3665 »ducebant
1554 3597 1665 3664 olidae

176 3713 302 3756 marem
333 3693 518 3775 capellae‹;
557 3712 656 3775 quam
694 3694 1038 3773 comprehensionem
1065 3692 1107 3754 ad
1147 3691 1366 3754 Horatianum
1406 3689 1483 3753 illud
1525 3687 1666 3778 »olentis

176 3803 296 3846 uxores
320 3782 447 3847 mariti«
474 3784 514 3862 (c
539 3783 563 3863 Ι,
590 3783 640 3858 17,
667 3779 700 3867 l)
724 3781 928 3845 referendam
952 3801 1025 3844 esse
1048 3800 1109 3842 nec
1133 3799 1241 3843 meam
1265 3799 1343 3842 sane
1375 3777 1533 3842 fefellerat
1557 3767 1664 3844 atten-

176 3870 310 3937 tionem.
376 3872 431 3935 Sin
469 3870 629 3936 curiosius
664 3882 809 3936 statuere
848 3872 938 3948 velis,
988 3870 1074 3933 unde
1112 3869 1165 3932 hic
1200 3870 1292 3932 locus
1327 3879 1497 3952 tamquam
1536 3869 1665 3933 radices

176 3959 293 4044 egerit,
317 3959 447 4026 Sidonii
470 3981 587 4025 vocem
616 3962 742 4024 solidae
774 3960 938 4042 capellae«
975 3961 1031 4022 vix
1062 3970 1130 4024 tam
1161 3969 1240 4040 apte
1272 3978 1346 4021 cum
1377 3956 1489 4022 verbis
1524 3958 1664 4024 »olentis

175 4048 318 4130 mariti«,
343 4071 442 4133 quam
473 4071 549 4114 cum
580 4049 713 4115 Horatii
744 4049 906 4133 epistulae
938 4052 1080 4130 quintae,
1115 4049 1156 4113 de
1188 4068 1253 4129 qua
1284 4049 1386 4112 modo
1410 4046 1665 4131 disputavimus

173 4161 271 4205 versu
295 4139 338 4207 29
367 4140 493 4204 »olidae
517 4161 656 4224 caprae«
684 4159 885 4222 componere
910 4136 1090 4224 debebis.1)

280 4250 383 4312 Porro
420 4247 587 4312 Geislerus
624 4248 688 4312 hoc
723 4249 797 4311 loco
832 4249 1059 4312 demonstrare
1095 4247 1206 4311 studet
1241 4245 1422 4327 Sidonium,
1461 4245 1518 4310 ubi
1555 4245 1664 4309 Flacci

171 4337 318 4420 vestigia
341 4338 474 4420 pressit,
507 4337 665 4403 orationis
691 4337 874 4402 Horatiane
898 4337 995 4400 flores
1018 4335 1205 4401 imitatione
1239 4333 1378 4417 adsequi
1410 4356 1475 4399 non
1510 4337 1662 4400 valuisse.

282 4480 526 4549 ¹)Scripruram,
529 4483 620 4534 biles“
636 4486 758 4534 exhibent
779 4482 871 4533 libris
870 4499 911 4532 ere
931 4496 1059 4550 onrnes3,
1063 4482 1157 4538 ,bibis‘
1175 4484 1281 4546 praebet
1295 4484 1401 4546 Porph
1422 4483 1531 4539 „bibas“
1548 4483 1662 4533 coniecti

174 4557 207 4608 Ο,
229 4557 323 4608 Keller.
345 4553 432 4606 Locus
462 4557 617 4606 Sidoninnns
637 4557 734 4606 Kelleri
761 4557 934 4605 coniecturam
965 4555 1056 4604 fulcire
1089 4556 1199 4605 videtur.
1236 4555 1271 4603 Ar
1298 4559 1408 4620 propter
1436 4556 1546 4604 alterum
1575 4555 1661 4605 locum

175 4628 343 4677 Horatianum
369 4631 504 4677 verborum
533 4629 710 4692 perpetuitate
742 4624 803 4676 huic
832 4627 991 4676 simillimum
1022 4622 1119 4692 (Epist.
1150 4624 1171 4688 l,
1201 4627 1225 4687 b,
1246 4626 1342 4674 4vina
1362 4625 1472 4675 bibes
1491 4627 1612 4684 iterum,
1642 4623 1660 4692 ),

175 4699 220 4746 ubi
241 4697 345 4748 codices
365 4715 453 4749 omnes
472 4701 610 4754 lectionem
633 4701 742 4753 ..bibes'
764 4705 875 4761 tuentur,
896 4699 1051 4762 scripturam
1073 4699 1145 4748 illam
1164 4699 1214 4748 hoc
1234 4712 1336 4764 quoqne
1355 4697 1414 4748 loco
1434 4697 1590 4748 retinendam
1605 4715 1660 4750 esse

174 4769 237 4818 mihi
258 4772 384 4834 persuasu
406 4772 558 4835 saepissime
579 4771 646 4820 enim
667 4771 775 4820 Flaccus
795 4773 872 4820 verba
891 4771 1083 4835 sententiasque
1102 4770 1223 4834 repetit..

280 4855 302 4926 ²)
335 4862 494 4927 Apollinaris
532 4867 630 4910 tantum
672 4863 806 4912 verborum
857 4860 963 4909 formam
1004 4862 1080 4910 debet
1113 4859 1234 4912 Horatio,
1260 4858 1370 4908 fortasse
1411 4859 1584 4925 sententiam
1622 4861 1659 4909 in·

173 4940 289 4990 venimus
308 4939 375 4990 eninr
397 4942 502 4991 eandem
517 4942 669 4992 sententiam
689 4942 760 4992 hisce
773 4942 852 4992 locis:
872 4940 981 4990 Theocr.
999 4937 1059 4990 VIll
1075 4929 1149 5008 filli)
1162 4932 1263 5017 τράγε,
1278 4936 1334 4991 τᾶν
1347 4927 1452 4990 λευκᾶν
1462 4928 1551 5011 αἰγᾶν
1564 4927 1658 5014 ἄνερ),

173 5037 247 5084 quem
278 5021 395 5071 imitatus
416 5029 454 5070 est
483 5023 615 5086 Vergilius
646 5025 706 5073 buc.
737 5023 793 5079 Vll,
823 5024 837 5072 7
867 5022 924 5082 „vir
952 5022 1036 5085 gregis
1056 5022 1113 5086 ipse
1134 5022 1242 5086 caper“;
1264 5020 1297 5075 cf,
1317 5021 1391 5070 Mart.
1413 5021 1456 5074 lh',
1476 5017 1519 5082 71,
1542 5023 1553 5069 1
1574 5038 1611 5084 sq.
1633 5024 1660 5070 et

171 5093 246 5142 Mart.
267 5093 315 5156 111,
334 5095 378 5149 93,
400 5095 440 5148 ll,
461 5110 534 5158 quern
555 5092 640 5144 locum
661 5095 717 5144 iure
736 5093 819 5144 adfert
840 5089 981 5144 Geislerus.

1606 5199 1623 5252 ti
