3876 5604
867 317 1020 381 -9-

194 521 370 589 Praeterea
394 523 459 590 huc
483 527 674 592 referendus
691 540 742 594 est
765 529 856 594 locus
881 535 946 614 (ep.
966 533 1024 616 IX,
1054 532 1140 608 15,1
1165 555 1195 600 ν.
1213 535 1255 600 29
1281 533 1379 620 sqq),
1404 533 1459 600 ubi
1482 547 1584 620 poeta
1606 549 1687 622 post

194 613 369 678 Pindarum
393 615 524 682 Horatii
548 613 750 682 mentione'm
775 619 850 689 lacit
873 621 977 684 hanc:

567 754 602 809 at
626 755 764 828 uterque
788 758 901 811 vatum
925 750 952 810 si
975 746 1068 830 lyrae
1092 752 1245 832 poeticae

568 833 702 899 Latiare
725 856 859 899 carmen
882 847 976 918 aptet
1000 838 1126 922 absque
1150 840 1286 917 Dorico,

567 922 746 1000 Venusina,
772 927 900 1006 Flacce,
924 925 1051 1007 plectra
1075 931 1206 1011 ineptus
1232 950 1348 994 exeras

565 1013 767 1096 Japygisque
791 1035 892 1079 verna
915 1035 1044 1098 cygnus
1068 1017 1180 1084 Aufidi
1205 1040 1233 1082 e.
1260 1041 1291 1104 q.
1315 1041 1340 1083 s.

189 1129 322 1212 Quibus
348 1135 380 1197 in
394 1135 544 1200 versibus
570 1142 810 1222 componendis
824 1139 979 1206 Sidonius
1003 1153 1188 1210 commotus
1208 1164 1281 1209 esse
1305 1147 1436 1211 videtur
1452 1147 1683 1214 recordatione

187 1219 338 1288 Horatii:
364 1223 402 1289 ci.
427 1227 520 1307 epist.
545 1225 567 1302 l,
593 1229 623 1302 3,
651 1229 690 1293 12
715 1250 763 1311 sq.
787 1229 948 1295 fidibusne
971 1232 1100 1297 Latinis

413 1350 592 1418 Thebanos
617 1354 660 1434 (h.
685 1376 712 1420 e.
737 1355 941 1442 Pindaricos)
964 1367 1079 1438 aptare
1104 1359 1222 1424 modos
1246 1360 1359 1426 studet
1384 1409 1391 1424 .
1416 1409 1425 1429 .
1450 1411 1458 1428 .

187 1473 281 1539 simil.
305 1479 404 1542 etiam
430 1480 510 1544 Hor.
536 1501 562 1546 c.
587 1482 624 1556 ll,
656 1483 696 1546 12
727 1480 804 1546 ν.4
842 1492 974 1563 »aptare
1005 1483 1149 1548 citharae
1184 1487 1322 1550 modis«.
1370 1486 1418 1566 (Sl
1441 1487 1680 1552 sententiarum

188 1568 424 1643 cognationem
447 1573 582 1635 missam
606 1571 730 1645 leceris
756 1591 799 1634 cx
822 1573 982 1634 consimili
1005 1575 1140 1653 aptandi
1163 1575 1315 1640 vocabuli
1338 1595 1397 1639 usu
1422 1577 1590 1660 utriusque
1615 1577 1681 1642 loci

185 1656 388 1733 conspiratio
412 1657 612 1742 apparebit.)
657 1659 724 1725 Sed
748 1662 812 1724 iarn
836 1672 1041 1725 transeamus
1065 1663 1108 1726 ad
1141 1663 1240 1726 alium
1264 1663 1372 1729 locum
1403 1675 1529 1732 attente
1564 1666 1678 1732 obser·
1759 1689 1761 1694 ·

185 1743 341 1819 vandum,
366 1747 441 1810 dico
465 1769 517 1830 ep.
542 1749 597 1824 lX,
625 1748 675 1825 16,
701 1753 734 1816 4:
762 1751 935 1814 redeamus
959 1752 991 1813 in
1015 1750 1078 1814 fine
1101 1752 1144 1816 ad
1167 1755 1346 1818 oratorium
1370 1753 1481 1819 stilum
1506 1757 1677 1821 materiam

188 1846 399 1909 praesentem
424 1841 600 1922 proposito
623 1839 726 1904 semel
750 1841 865 1903 ordine
889 1841 1100 1920 terminaturi,
1125 1862 1174 1917 ne,
1208 1843 1235 1905 si
1260 1844 1400 1926 epilogis
1425 1845 1557 1909 musicis
1590 1865 1678 1928 opus

184 1925 371 1998 prosarium
395 1925 615 2010 clauserimus,
640 1930 821 1993 secundum
844 1927 976 2010 regulas
1000 1930 1117 2006 Flacci,
1143 1931 1198 1994 ubi
1222 1932 1382 2015 amphora
1406 1933 1518 2016 coepit
1540 1936 1675 2010 institui,

187 2028 303 2075 urceus
339 2017 450 2094 potius
483 2020 592 2082 exisse
627 2019 784 2083 videatur.
831 2017 1001 2100 Significat
1036 2019 1188 2084 Sidonius
1224 2040 1339 2086 versus
1374 2021 1585 2099 Horatianos,
1622 2027 1678 2106 qui

183 2108 316 2166 exstant
340 2115 398 2170 art.
424 2126 455 2188 p.
480 2106 521 2170 21
547 2127 597 2190 sq.
1320 2165 1326 2177 .
1352 2161 1358 2174 .
1381 2112 1544 2195 amphora
1567 2115 1678 2195 coepit

559 2217 693 2295 institui;
718 2227 868 2280 currente
893 2226 966 2280 rota
990 2236 1046 2279 cur
1069 2235 1186 2279 urceus
1209 2216 1300 2282 exiti

182 2341 346 2406 Videmus
384 2342 611 2424 Apollinarem
648 2343 792 2426 exempli
832 2343 881 2405 sui
924 2341 1027 2403 verba
1059 2343 1139 2404 satis
1171 2353 1323 2407 accurate
1355 2341 1494 2423 adferre;
1527 2353 1676 2410 attamen

182 2451 298 2495 versus
322 2433 412 2514 ipsos
437 2432 637 2498 Horatianos
661 2452 726 2495 non
751 2431 876 2513 profert
899 2431 1050 2512 scriptor.
1097 2430 1189 2513 Ergo
1213 2430 1377 2496 adfirmari
1401 2431 1511 2498 licebit
1535 2445 1673 2516 poetam

183 2520 268 2584 haec
307 2522 505 2587 scribentem
544 2523 671 2587 Horatii
710 2522 852 2584 carmina
898 2519 1047 2583 manibus
1084 2539 1150 2582 non
1188 2521 1344 2596 tenuisse,
1383 2531 1419 2586 ut
1464 2521 1520 2588 illa
1568 2524 1670 2586 verba

183 2611 386 2676 exscriberet
409 2613 468 2674 sed
493 2612 535 2674 de
558 2612 717 2675 memoria
740 2610 829 2674 illum
853 2609 962 2672 Flacci
997 2608 1106 2672 locum
1130 2609 1291 2676 attulisse:
1316 2611 1368 2692 cui
1404 2611 1451 2673 rei
1475 2613 1543 2675 vim
1580 2610 1669 2677 haud

181 2700 383 2763 mediocrem
407 2701 649 2765 attribuendam
674 2719 747 2764 esse
770 2719 900 2764 censeo.
934 2698 1052 2760 Nonne
1076 2718 1156 2760 vero
1180 2699 1255 2761 inde
1279 2697 1465 2764 ratiocinari
1490 2721 1668 2784 possumus

181 2787 413 2871 Apollinarem
436 2789 554 2854 Horati
577 2801 735 2871 poemata
753 2788 863 2854 subtili
887 2789 1044 2851 memoria
1068 2806 1141 2850 esse
1156 2787 1369 2868 complexum
1393 2801 1493 2872 atque
1510 2791 1669 2871 imprimis

180 2879 260 2943 artis
284 2881 436 2960 poeticae
459 2878 636 2942 volumen?
682 2880 726 2942 Et
749 2890 838 2944 certe
871 2877 1045 2959 epistulam
1076 2877 1118 2940 ad
1141 2875 1278 2941 Pisones
1310 2878 1444 2940 missam
1476 2889 1544 2943 tam
1577 2879 1670 2943 firma

180 2969 357 3034 custodivit
380 2970 618 3045 recordatione,
645 2979 680 3033 ut
704 2989 747 3032 ex
771 2988 810 3031 ea
833 2979 965 3049 praeter
999 2966 1086 3028 hunc
1118 2964 1226 3028 locum
1258 2966 1396 3031 alterum
1431 2969 1595 3051 quoque1)
1629 2970 1670 3033 de

181 3060 340 3120 memoria
379 3068 582 3139 proponeret
618 3077 725 3141 neque
764 3057 864 3121 ullum
902 3056 1019 3118 Musae
1059 3054 1260 3118 Horatianae
1299 3075 1383 3136 opus
1422 3065 1491 3121 tam
1528 3060 1670 3141 repetita

180 3146 421 3228 significatione
445 3146 638 3230 appellaret.
662 3185 705 3194 -
730 3147 855 3210 Verum
879 3145 943 3208 huc
977 3143 1064 3207 aliud
1088 3145 1225 3224 accedit,
1248 3146 1338 3226 quod
1372 3143 1534 3209 hocloco
1569 3147 1669 3230 paulo

179 3235 407 3301 subsistamus.
454 3237 607 3300 Sidonius
631 3239 717 3300 enim
742 3273 784 3284 -
809 3236 897 3317 quod
922 3235 1052 3312 saepius
1083 3232 1204 3297 lactum
1228 3233 1378 3300 videmus
1403 3269 1445 3282 --
1470 3237 1668 3302 sententiam

36 3320 39 3343 '
149 3363 153 3370 -
179 3323 273 3387 huius
298 3324 361 3388 loci
384 3327 556 3392 Horatiani
579 3327 636 3389 vix
671 3327 769 3408 plane
793 3325 950 3407 percepit,
987 3343 1061 3386 curn
1098 3324 1221 3386 diceret
1256 3342 1330 3387 sese
1364 3325 1466 3390 verba
1504 3327 1667 3407 quaedam

178 3414 327 3477 oratione
365 3435 464 3496 prosa
502 3427 664 3497 concepta
701 3416 823 3480 addere
862 3413 937 3477 huic
976 3411 1109 3475 carmini
1145 3412 1305 3492 epistulae
1340 3414 1480 3491 adiecto,
1519 3433 1561 3477 ne
1596 3416 1668 3497 ipse

178 3514 432 3584 praeceptorum
457 3505 574 3569 Horati
599 3507 774 3569 exsisteret
798 3503 1011 3567 adversarius.
1036 3501 1122 3582 Quid
1148 3501 1282 3565 autem?
1318 3502 1437 3565 Nonne
1459 3504 1540 3567 satis
1565 3503 1668 3585 liquet

176 3589 238 3654 illis
272 3593 382 3656 Flacci
415 3593 524 3657 verbis
560 3593 603 3656 nil
640 3594 728 3657 aliud
762 3591 920 3657 declarari
959 3591 1018 3654 nisi
1052 3594 1136 3654 haec
1171 3588 1251 3656 lere:
1288 3601 1404 3656 caveat
1439 3592 1588 3674 scriptor,
1624 3613 1666 3656 ue

177 3684 347 3744 materiam
382 3681 553 3765 magnifice
586 3694 739 3764 coeptam
764 3683 806 3747 ad
831 3679 973 3746 debilem
998 3691 1196 3760 tenuemque
1221 3681 1347 3744 exitum
1371 3681 1530 3746 adducat?
1577 3681 1666 3746 Num

177 3779 287 3833 autern
322 3772 483 3854 amphora
518 3773 630 3854 coepit
663 3774 796 3854 institui,
834 3790 908 3834 cum
944 3769 1098 3832 Sidonius
1133 3789 1152 3831 a
1187 3769 1336 3852 simplice
1372 3771 1522 3835 oratione
1557 3769 1666 3836 soluta

175 3860 339 3923 scribendi
375 3862 501 3926 initium
535 3860 675 3926 faceret?
722 3862 810 3924 Num
847 3873 962 3924 urceus
998 3859 1107 3922 exisse
1145 3858 1320 3936 videretur,
1360 3859 1387 3923 si
1420 3860 1568 3923 versibus
1603 3859 1665 3923 illis

175 3949 342 4030 sapphicis
376 3949 541 4034 (nimirum
565 3949 735 4014 Sidonium
771 3962 875 4015 artem
909 3949 1074 4031 poeticam
1109 3966 1202 4010 suam
1238 3949 1386 4013 oratione
1421 3947 1528 4013 soluta
1561 3948 1664 4031 pluris

175 4037 311 4100 duxisse
337 4059 464 4120 ponere
489 4039 614 4121 licebit)
639 4039 801 4121 epistulae
825 4039 922 4103 finem
947 4036 1193 4101 constituIsseti

280 4160 321 4225 In
359 4164 554 4228 carminibus
591 4164 777 4229 Sidonianis
815 4161 925 4228 Flacci
962 4181 1084 4225 nornen
1131 4164 1289 4243 scriptum
1326 4163 1475 4226 videmus
1522 4164 1663 4244 primum

173 4270 202 4315 c.
227 4247 287 4327 IV,
314 4251 334 4316 9
362 4263 414 4317 »et
438 4254 505 4328 tibi,
531 4252 659 4328 Flacce,
685 4255 771 4316 acies
796 4253 888 4318 Bruti
912 4252 1070 4331 Cassique
1095 4262 1209 4316 secuto
1232 4253 1383 4315 carminis
1408 4263 1459 4316 est
1481 4260 1597 4316 auctor
1621 4298 1629 4317 .
1654 4303 1662 4318 .

174 4336 328 4405 Sidonius
352 4340 416 4404 hoc
453 4341 527 4406 loco
552 4343 744 4406 recordatus
778 4353 828 4407 est
860 4343 1010 4405 carminis
1041 4341 1201 4404 notissimi
1235 4340 1407 4406 Horatiani
1431 4339 1475 4416 Il,
1502 4341 1531 4407 t.
1578 4338 1661 4405 Inde

176 4429 282 4493 obiter
317 4441 451 4514 tangam
476 4431 543 4496 Sid.
580 4451 678 4495 carm.
715 4429 772 4505 ΙΧ,
809 4429 873 4496 221
906 4452 987 4513 sqq,
1024 4429 1079 4494 ubi
1114 4430 1254 4510 scriptor
1290 4429 1342 4494 ille
1378 4438 1450 4494 tota
1483 4430 1661 4512 lyricorum

174 4517 401 4584 Romanorum
426 4521 580 4603 principis
601 4531 757 4603 poemata
781 4532 962 4586 enumerat.
986 4518 1139 4583 Sidonius
1163 4519 1317 4582 hocloco
1340 4519 1468 4586 Horatii
1486 4519 1678 4604 epistulam¹

173 4607 215 4670 ad
231 4608 365 4673 Pisones
382 4612 515 4674 missam
533 4613 678 4675 nominat
698 4621 804 4674 artem
822 4611 997 4692 poeticam,
1019 4628 1119 4691 quem
1138 4606 1247 4672 locum
1266 4605 1310 4693 (v.
1329 4604 1406 4694 223)
1424 4607 1468 4674 Μ.
1484 4605 1661 4673 Schanzius

174 4693 249 4774 (litt.
274 4697 345 4763 lat.1
369 4698 399 4764 h.
424 4697 469 4775 II,
497 4702 512 4763 1
539 4721 571 4781 p.
598 4699 660 4764 113
684 4699 810 4764 Antike
833 4700 1014 4783 Zeugnisse
1046 4699 1128 4762 uber
1152 4699 1216 4761 den
1240 4697 1330 4760 Bries
1357 4718 1399 4761 an
1428 4699 1480 4762 die
1504 4697 1659 4781 Pisonen)

173 4785 296 4850 addere
320 4787 485 4866 debebat;
509 4801 543 4854 at
566 4790 652 4853 hunc
676 4789 794 4864 locum,
813 4809 910 4870 quem
934 4791 1005 4870 ipse
1030 4787 1158 4852 laudat:
1185 4787 1250 4853 Sid.
1266 4807 1294 4850 c.
1319 4784 1431 4863 XXII,
1457 4806 1509 4869 ep.
1532 4788 1553 4851 6
1578 4797 1661 4852 extr.

176 4890 387 4906 ἣ·-

284 4927 303 4992 1)
324 4949 400 4983 carm.
420 4929 504 4989 XXII,
525 4937 596 4999 ep.6
616 4941 678 4984 extr.
700 4973 705 4991 ,
726 4935 757 4984 de
777 4949 828 4998 quo
848 4935 907 4985 loco
928 4950 987 4984 mox
1001 4949 1086 4984 sumus
1105 4933 1277 4998 dispulaturi;
1296 4938 1431 4996 utrumque
1451 4934 1534 4982 locum
1555 4931 1658 4997 Apolli·

176 5000 243 5049 naris
260 5003 400 5055 identidem
416 5005 557 5069 significan
570 5006 679 5071 saepius
693 5007 864 5057 Horatianum
880 5007 943 5056 illud
959 5011 1094 5068 ,currente
1109 5006 1192 5060 rots⁸.
1207 5005 1274 5070 quod
1290 5002 1340 5052 hoc
1356 5004 1415 5053 loco
1431 5003 1549 5068 legimus,
1562 5004 1660 5067 repetit

174 5067 245 5122 velut
266 5088 287 5123 c.
307 5072 392 5140 XXII,
412 5072 469 5134 124,
489 5075 523 5140 V,
541 5073 602 5128 29⁶.
