3876 5604
813 282 986 348 „15-

777 499 872 580 Quae
897 497 983 564 sicut
1006 518 1117 563 mersa
1141 496 1318 577 nitescunt,

478 587 625 650 adversis
650 584 699 650 sic
722 587 831 651 Roma
855 585 965 666 micat,
989 585 1044 653 cui
1068 587 1152 653 fixus
1175 591 1218 653 ab
1242 599 1316 655 ortu

478 677 561 741 ordo
585 675 646 741 luit
669 675 814 742 crevisse
839 675 945 744 malis.

253 798 287 865 Si
319 802 362 863 ad
386 800 532 882 singulas
557 805 737 888 sententias
762 815 907 870 mentem
930 804 1131 868 advertimus
1147 825 1212 868 non
1230 814 1343 888 potest
1368 826 1430 870 nos
1454 809 1634 898 praeteripe
1723 785 1725 794 ὓ

147 909 341 972 consensus,
375 889 429 972 qui
464 891 548 961 inter
580 901 754 974 utrumque
779 904 914 975 poetam
938 894 1121 961 intercedit.
1167 895 1330 959 Attamen
1354 898 1386 960 in
1410 895 1512 988 qubio
1537 897 1634 968 relin-

148 983 270 1062 quitur,
302 1000 380 1044 num
412 979 496 1044 illius
521 980 742 1047 translationis
775 1002 869 1047 usum
893 1003 937 1046 ex
959 981 1100 1047 Horatio
1125 982 1270 1049 hauserit
1293 982 1457 1060 Sidonius,
1482 1007 1558 1052 cunr
1581 987 1633 1076 alii

147 1091 281 1152 quoque
306 1079 437 1151 poetae,
463 1091 547 1151 quos
565 1074 729 1154 respicere
746 1075 854 1154 potuit
871 1073 1013 1155 scriptor
1035 1071 1098 1152 ille,
1121 1071 1243 1138 similes
1267 1075 1427 1158 imagines
1444 1075 1636 1145 exhibeant.

145 1159 274 1222 Savaro
303 1158 390 1223 hunc
413 1159 539 1225 Sidonii
570 1162 679 1226 locum
708 1165 894 1245 composuit
925 1181 998 1224 cum
1033 1160 1157 1226 Rutilio
1188 1162 1226 1244 (l,
1263 1161 1358 1247 140);
1394 1163 1486 1229 locos
1517 1166 1638 1248 similes

146 1248 319 1328 proferunt
352 1250 393 1312 R.
425 1251 549 1335 Unger,
584 1253 712 1316 emend.
746 1252 863 1318 Horat.
897 1272 930 1333 p.
964 1252 1008 1315 84
1038 1250 1153 1334 (Rutil.
1184 1247 1210 1334 l,
1243 1251 1305 1319 121
1328 1253 1423 1336 sqq),
1448 1252 1487 1319 Ο.
1510 1251 1637 1339 Keller,

145 1337 270 1489 illi·
294 1339 708 1496 {li⁰t·1l’i¹³0ti⁰l³¹·
725 1339 751 1422 ¹’
772 1339 1146 1511 li⁸<llrli⁰¹ill²l
1161 1341 1202 1510 ‘l‘
1219 1341 1395 1496 ulii·
1410 1339 1549 1502 lili
1562 1344 1637 1499 ill

147 1479 247 1581 Herc.
264 1480 293 1595 l,
318 1516 361 1582 33
379 1450 550 1602 {superat
566 1533 601 1587 et
624 1451 747 1586 crebcih
765 1519 889 1585 malis«.
938 1477 1104 1582 lieislerus
1119 1450 1179 1598 (ili
1193 1451 1276 1602 'Api
1292 1520 1358 1586 Sid.
1382 1522 1497 1587 studiis
1520 1544 1552 1606 p.
1574 1454 1639 1608 17⁸3

23 1637 25 1642 ·
146 1605 274 1685 primus
290 1606 495 1687 Apollinaris
518 1613 627 1673 locum
652 1611 801 1674 adiunxit
816 1609 1001 1672 Horatiano
1024 1619 1058 1673 et
1081 1607 1112 1670 in
1135 1608 1199 1670 hac
1222 1617 1274 1674 est
1297 1611 1471 1688 sententia,
1496 1621 1534 1677 ut
1555 1632 1636 1677 con·

145 1694 263 1759 tendat
285 1694 457 1761 Sidonium
481 1698 610 1764 Horatii
634 1718 816 1764 memorem
840 1697 943 1763 Rutili
966 1696 1155 1778 exemplum
1179 1716 1253 1760 esse
1277 1709 1433 1765 secutum.
1451 1722 1453 1726 ·
1470 1700 1636 1784 Equidem

146 1803 213 1845 non
239 1784 347 1858 video,
372 1806 429 1851 cur
453 1788 565 1853 Rutilii
589 1789 798 1870 potissimum
823 1787 964 1869 vestigia
977 1784 1131 1850 Sidonius
1155 1788 1331 1868 presserit:
1355 1788 1500 1865 Primum
1523 1789 1637 1879 Rutilii

145 1871 277 1955 verba¹)
308 1893 374 1937 non
408 1887 478 1942 tam
512 1887 586 1942 arto
620 1876 750 1942 vinculo
782 1895 857 1940 cum
881 1873 1065 1940 Sidonianis
1089 1878 1262 1940 coniuncta
1286 1887 1370 1952 sunt,
1405 1885 1441 1956 ut
1464 1876 1638 1950 manifesta

146 1963 188 2026 sit
203 1963 362 2041 imitati0;
387 1963 508 2030 deinde
522 1967 681 2032 Rutilium
696 1963 786 2030 nullo
810 1965 884 2028 loco
900 1965 1048 2030 nominat
1060 1975 1116 2029 aut
1131 1965 1276 2030 imitatur
1291 1965 1456 2036 Sidonius.
1471 1968 1637 2051 Equidem

145 2070 267 2114 censeo
294 2071 362 2116 rem
398 2053 485 2118 illam
520 2076 585 2120 non
618 2058 661 2121 ad
690 2049 803 2119 ¹vivum
828 2074 901 2118 esse
925 2054 1147 2120 resecandam.
1207 2053 1341 2118 Minime
1365 2055 1452 2119 enim
1475 2055 1561 2122 lecta
1585 2071 1636 2130 cst

145 2159 214 2202 vox
244 2161 411 2206 »crescere
436 2143 561 2220 malis«,
592 2155 628 2210 ut
661 2165 760 2227 supra
791 2143 1099 2225 demonstravimus,
1133 2162 1218 2225 quae
1242 2145 1380 2224 fortasse
1404 2146 1436 2207 in
1460 2155 1637 2228 poetarum

146 2247 241 2291 usum
265 2232 465 2296 cotidianum
489 2234 624 2299 abierat.
672 2235 722 2300 At
744 2233 948 2298 enuntiatum
984 2231 1086 2296 »sicut
1119 2251 1226 2295 mersa
1260 2233 1440 2298 nitescunt«
1477 2234 1633 2302 Sidonius

146 2331 235 2382 certe
261 2319 360 2385 debet
384 2322 524 2386 Horatio
555 2321 597 2408 (v.
622 2321 678 2406 65)
710 2333 810 2406 atque
841 2321 1125 2403 comprehensioni
1155 2320 1354 2386 Sldonlanae
1389 2323 1555 2388 »adversis
1589 2327 1636 2404 sic

147 2406 259 2469 Roma
283 2410 399 2472 micat«
421 2409 588 2475 Geislerus
611 2413 792 2477 rectissime
810 2409 978 2474 Claudiani
1001 2410 1102 2474 verba
1129 2410 1252 2474 »maior
1274 2412 1305 2474 in
1330 2411 1478 2476 adversis
1502 2415 1633 2480 micuit‹

147 2493 203 2580 (de
226 2515 317 2561 cons.
342 2496 412 2565 Stil.
435 2498 462 2576 I,
489 2499 568 2585 286)
593 2502 770 2567 subiunxit.

253 2611 319 2678 Sed
345 2616 535 2682 aberrantes
569 2617 734 2700 paulisper
757 2616 914 2702 prolaturi
947 2635 1059 2680 sumus
1082 2635 1214 2680 versum
1238 2613 1392 2685 similem:
1416 2615 1483 2682 Sid.
1507 2618 1549 2695 V,
1575 2617 1635 2684 64:

144 2721 281 2782 surgere
303 2700 372 2769 iata
395 2703 488 2770 malis
512 2717 545 2772 et
569 2707 753 2771 celsior
776 2726 881 2771 esse
905 2706 1051 2786 ruina,

146 2846 245 2908 quem
269 2831 418 2910 quamvis
441 2830 573 2896 mirifice
597 2831 782 2898 consentiat
804 2851 878 2896 cum
902 2829 968 2895 Sid.
992 2851 1020 2896 c.
1036 2827 1111 2912 VlI,
1136 2827 1167 2907 7,
1193 2842 1304 2895 tamen
1327 2842 1466 2916 propter
1489 2835 1633 2900 vocabu·

144 2914 251 2982 lorum
275 2920 536 2985 coniunctionem
559 2921 680 2986 referre
705 2919 793 2985 malo
817 2922 858 2986 ad
883 2920 967 2985 Hor.
990 2941 1018 2987 c.
1042 2916 1104 2999 III,
1129 2917 1159 2999 b,
1182 2941 1214 2985 v.
1238 2919 1281 2985 39
1305 2941 1354 3004 sq.

615 3069 636 3111 o
659 3066 781 3129 magna
804 3044 982 3129 Carthago,
1007 3045 1177 3130 probrosis

616 3136 766 3202 altior
788 3133 903 3201 Italiae
927 3133 1096 3202 ruinis!

145 3250 279 3320 Initium
315 3256 381 3324 loci
403 3260 575 3328 Horatiani
612 3281 692 3344 sper
726 3262 856 3340 damna,
892 3279 952 3342 per
986 3260 1172 3324 caedes..
1200 3311 1207 3326 .
1239 3260 1328 3325 ducit
1351 3279 1453 3343 opes«
1480 3259 1637 3348 Sidonius

146 3343 343 3411 observasse
358 3350 489 3415 videtur
502 3352 535 3414 in
552 3351 729 3416 scribendo
745 3370 772 3418 c.
789 3350 821 3414 V
837 3369 934 3414 versu
949 3347 1016 3413 240
1041 3368 1123 3432 »per
1138 3349 1258 3412 damna
1274 3349 1395 3438 nitet«;
1419 3350 1490 3416 sim.
1507 3370 1535 3420 c.
1553 3349 1634 3426 VIl,

145 3432 210 3498 540
234 3455 294 3516 per
320 3439 440 3503 damna
463 3441 564 3523 sequi.
588 3477 633 3488 -

252 3561 379 3627 Versus
403 3575 514 3631 autem
537 3565 738 3632 Horatianos
770 3585 871 3650 supra
894 3563 1011 3630 allatos
1045 3583 1149 3646 prope
1173 3565 1337 3646 attingunt
1360 3563 1393 3628 hi
1417 3564 1457 3648 (v.
1483 3565 1524 3629 14
1547 3563 1635 3652 sqq.)

615 3689 722 3755 fulvae
745 3691 912 3755 matris
936 3689 989 3753 ab
1013 3688 1160 3752 ubere

371 3776 435 3842 iam
459 3778 544 3845 lacte
568 3778 822 3862 depulsum
846 3778 978 3843 leonem
1002 3831 1010 3848 .
1032 3827 1043 3843 .
1067 3827 1075 3842 .
1100 3778 1224 3843 vidlt
1247 3774 1411 3863 (caprae);

147 3915 230 3976 quos
263 3919 377 3964 versus
410 3923 449 3966 ac
482 3906 600 3970 deinde
634 3906 717 3974 Hor.
747 3925 773 3971 c.
805 3903 866 3980 IV,
902 3905 932 3980 2,
965 3901 1014 3968 54
1037 3923 1086 3986 sq.
1119 3902 1250 3979 vitulus,
1274 3899 1387 3968 relicta
1412 3900 1415 3989 l
1441 3912 1555 3980 matre,
1580 3905 1635 3987 qui

146 3983 245 4090 largis
353 4000 386 4142 qt
411 3993 491 4058 Hor.
517 4016 544 4088 c.
569 3995 625 4071 lV,
651 3996 681 4074 6,
708 3993 749 4061 18
773 4009 849 4078 sqq*
874 3993 1022 4058 »nescios
1046 3991 1104 4056 lari
1127 4012 1249 4075 pueros
1274 4044 1281 4058 .
1306 4047 1314 4061 .
1352 3994 1451 4058 etiam
1475 3992 1635 4060 latentem

145 4085 259 4140 matris
282 4097 315 4141 m
339 4099 446 4146 avo«.

174 4279 176 4286 y
253 4181 406 4253 Sidonius
429 4201 506 4256 ante
530 4191 644 4258 oculos
667 4190 822 4257 habuisse
845 4192 974 4257 videtur
999 4192 1032 4253 in
1055 4210 1083 4254 c.
1106 4187 1143 4253 Π
1169 4209 1199 4257 ν.
1223 4189 1266 4255 36
1290 4211 1340 4272 sq.

403 4328 436 4383 et
460 4318 626 4385 matris
651 4319 704 4383 ab
728 4318 837 4382 alvo
863 4314 866 4403 l
892 4325 982 4381 artus
1006 4313 1164 4381 infantum
1188 4312 1367 4383 molles..

261 4413 294 4470 et
316 4426 347 4469 v.
373 4405 416 4471 38
440 4428 489 4490 sq.
515 4410 573 4473 sed
597 4407 650 4472 ab
675 4408 821 4473 ubere
843 4417 1035 4473 tractus
1061 4401 1063 4490 l
1089 4403 1177 4487 (plus
1201 4414 1296 4488 potat
1319 4424 1378 4487 per
1402 4404 1518 4470 vulnus

555 4495 702 4586 equum);
726 4500 772 4561 sic
795 4496 922 4561 lacte
947 4494 1061 4558 relicto
1084 4491 1226 4560 bibit

145 4619 197 4680 Ex
220 4620 350 4687 illorum
381 4624 529 4687 locorum
553 4622 727 4689 collatione
759 4633 880 4706 sponte
904 4619 1049 4703 intellegi
1080 4638 1180 4700 posse
1204 4619 1353 4701 arbitror,
1385 4629 1458 4686 tota
1481 4618 1535 4683 illa
1557 4620 1632 4684 des-

145 4710 303 4791 criptione
327 4732 393 4776 non
418 4715 519 4778 modo
543 4712 698 4777 nonnulla
722 4711 912 4778 imitationis
935 4708 1136 4774 Horatianae
1159 4707 1302 4792 vestigia
1325 4709 1495 4784 contineri,
1519 4728 1634 4774 verum

146 4800 278 4862 omnino
312 4799 375 4865 hos
407 4801 530 4867 Sidonii
567 4822 681 4866 versus
710 4801 913 4868 Venusinam
947 4795 1074 4862 dicendi
1105 4799 1251 4881 speciem
1283 4809 1454 4882 tamquam
1486 4797 1634 4863 redolere

146 4887 280 4969 eiusque
304 4902 424 4973 poetae
448 4891 611 4957 coloribus
635 4892 807 4968 distinctos
831 4909 903 4954 csse
928 4899 1030 4969 atque
1056 4896 1248 4952 exornatos.

144 4998 356 5009 ——.——.—.

255 5031 274 5102 ¹)
294 5035 326 5086 de
345 5036 397 5092 red.
417 5038 437 5102 1,
458 5039 510 5088 140
531 5037 594 5088 ordo
613 5035 763 5089 renascendi
783 5041 821 5086 est
842 5049 956 5086 crescere
975 5047 1053 5100 posse
1071 5031 1154 5083 malis.
