3876 5604
197 1345 306 1478 De
358 1343 429 1480 o
480 1343 706 1478 sorni
756 1343 1244 1512 Apollinaris
1295 1344 1607 1480 sidona

445 1591 775 1675 imitationibus
806 1592 1067 1701 studiisque
1100 1593 1363 1676 Horatianis

841 1757 970 1838 scripsit

514 1912 588 1996 Dr.
622 1911 928 1997 tondamus
959 1911 1289 1998 sottustfift.

264 2113 311 2177 De
346 2113 581 2178 imitationibus
610 2112 808 2188 Horatianis,
840 2131 977 2194 quarum
1008 2113 1124 2176 indicia
1154 2114 1243 2194 apud
1274 2124 1392 2195 poetas
1424 2113 1645 2194 orationisque

156 2202 283 2266 solutae
307 2203 483 2284 scriptores
506 2214 539 2267 et
562 2204 680 2268 aetatis
704 2202 900 2283 Augusteae
924 2213 958 2266 et
986 2203 1189 2284 antiquitatis
1221 2202 1414 2283 posterioris
1437 2202 1644 2282 investiganti

154 2312 190 2354 se
213 2291 363 2366 offerunt,
382 2289 567 2372 complures
590 2293 650 2354 viri
669 2291 849 2356 doctissimi
872 2287 1093 2373 peculiaribus
1110 2288 1329 2354 voluminibus
1352 2291 1520 2372 copiosius
1545 2303 1645 2371 atque

154 2378 256 2442 fusius
288 2383 545 2460 disputaverunt.
593 2380 710 2461 Neque
743 2401 822 2465 vero
846 2400 898 2444 res
922 2389 973 2444 est
1006 2378 1103 2444 futilis
1135 2379 1232 2462 plane
1256 2391 1290 2444 et
1313 2381 1416 2444 inanis
1450 2380 1647 2461 perscrutari

156 2468 317 2534 subtiliter
340 2469 441 2532 libros
464 2471 670 2550 scriptorum,
708 2472 764 2552 qui
787 2469 829 2532 ad
853 2469 968 2532 Musae
993 2468 1183 2532 Venusinae
1207 2471 1435 2533 auctoritatem
1468 2485 1543 2533 sese
1567 2488 1647 2532 con·

156 2555 388 2632 formaverunt,
425 2560 579 2640 quoniam
615 2579 658 2621 ex
693 2559 939 2642 quaestionibus
976 2557 1071 2621 huius
1105 2559 1232 2640 generis
1266 2559 1346 2622 varii
1381 2559 1478 2622 variis
1512 2579 1531 2621 e
1566 2558 1647 2621 locis

156 2645 278 2710 fructus
301 2659 424 2726 queunt
448 2650 590 2728 decerpi.

263 2769 417 2850 Namque
439 2772 580 2850 primum
602 2773 648 2835 ita
671 2783 791 2853 sponte
814 2772 957 2854 intellegi
980 2793 1081 2855 posse
1106 2785 1197 2854 puto,
1223 2782 1380 2854 quantam
1404 2782 1533 2854 praeter
1558 2771 1643 2835 Ver-

158 2857 269 2940 gilium
294 2859 478 2940 Horatius1)
503 2862 635 2940 quidem
660 2862 853 2941 dignitatem
869 2866 957 2944 apud
973 2873 1185 2944 poetas'suae
1200 2863 1262 2925 sibi
1277 2865 1393 2927 aetatis
1410 2861 1643 2936 conciliaverit,

158 2947 245 3027 quali
268 2947 365 3011 laude
389 2950 584 3030 scriptorum
601 2952 700 3015 etiam
717 2964 884 3016 extremae
901 2954 1105 3033 antiquitatis
1129 2953 1292 3034 viguerit:
1311 2951 1375 3016 hoc
1398 2970 1512 3015 verum
1535 2951 1642 3032 magis

156 3038 198 3099 ad
223 3037 381 3118 liquidum
405 3039 614 3120 perducetur,
638 3041 665 3103 si
693 3040 894 3106 declaratum
918 3043 979 3106 erit
1001 3043 1156 3106 institisse
1180 3039 1288 3104 Flacci
1313 3040 1460 3122 vestigiis
1484 3041 1583 3105 etiam
1608 3038 1647 3104 C.

158 3124 294 3189 Sollium
318 3125 535 3214 Modestum)
559 3129 789 3210 Apollinarem
812 3129 992 3208 Sidonium,
1016 3151 1113 3212 quem
1145 3133 1341 3211 scriptorem
1371 3131 1486 3211 quinto
1509 3148 1541 3210 p.
1566 3128 1644 3193 Chr.
1748 3201 1750 3207 ,

157 3235 187 3282 n.
219 3216 351 3278 saeculo
389 3226 541 3282 extremo
576 3217 788 3300 epistularum
823 3220 923 3284 libros
957 3240 1077 3284 novem
1111 3230 1145 3284 et
1174 3220 1317 3283 carmina
1347 3219 1462 3300 viginti
1489 3229 1645 3304 quattuor

158 3306 386 3386 composuisse
409 3317 548 3373 constat.

265 3431 397 3494 Deinde
430 3451 471 3493 eo
501 3431 695 3497 luculentius
728 3433 911 3514 apparebit,
936 3435 1054 3515 quibus
1086 3455 1130 3498 ex
1153 3433 1297 3499 fontibus
1329 3435 1471 3516 scriptor
1494 3430 1559 3514 ille,
1590 3433 1646 3512 qui

158 3540 296 3602 prorsus
313 3519 487 3604 magnifice
511 3519 600 3602 loqui
617 3534 717 3604 atque
741 3521 906 3588 incitatius
921 3524 997 3588 ferri
1020 3526 1140 3601 studet,
1157 3524 1284 3588 dicendi
1309 3523 1430 3586 lumina
1451 3541 1490 3584 ac
1513 3530 1644 3585 senten·

158 3613 277 3675 tiarum
301 3611 432 3690 copiam
456 3611 618 3676 hauserit:
642 3613 785 3694 ideoque
801 3611 937 3693 liquebit
960 3615 993 3677 in
1008 3613 1132 3677 Sidonii
1155 3612 1244 3676 libris
1261 3612 1349 3676 haud
1374 3611 1511 3676 multum
1535 3610 1644 3674 inesse

159 3701 371 3780 proprietatis
401 3699 586 3782 indolisque
619 3699 787 3783 nativae.³)
833 3701 918 3766 Tum
943 3705 999 3765 vix
1022 3701 1148 3768 infitiari
1180 3711 1292 3784 potest
1316 3701 1489 3782 quisquam
1522 3710 1645 3782 poetae

153 3789 313 3852 Venusini
336 3810 401 3852 non
419 3791 524 3854 minus
549 3810 648 3872 quam
665 3792 899 3874 Lugdunensis
921 3792 1012 3856 libris
1028 3790 1210 3856 labeculam
1234 3790 1286 3853 hic
1302 3789 1366 3853 illic
1382 3809 1455 3854 esse
1472 3808 1644 3871 aspersam

153 3889 340 3959 temporum
365 3881 495 3958 iniuria;
519 3882 777 3963 perlustrantem
801 3901 915 3945 verum
939 3893 1039 3962 atque
1064 3890 1312 3962 comparantem
1344 3880 1514 3960 utriusque
1538 3879 1644 3958 scrip·

153 3969 234 4032 toris
258 3969 403 4030 carmina
427 3967 654 4052 epistulasque
678 3972 868 4052 neutiquam
901 3971 965 4035 loci
988 3971 1121 4054 quidam
1144 3971 1279 4053 fugient,
1313 3969 1367 4052 qui
1398 3969 1509 4032 verbis
1533 3966 1642 4030 Hora·

152 4059 248 4120 tianis
285 4059 354 4120 sive
388 4053 573 4122 Sidonianis
606 4060 830 4138 emendandis,
855 4061 1074 4138 restituendis
1097 4063 1216 4125 rectius
1248 4056 1486 4139 coniungendis
1522 4054 1641 4122 saltem

152 4147 275 4228 aliquid
298 4148 464 4210 commodi
495 4145 647 4212 adferent
670 4169 709 4212 ac
741 4150 910 4215 medellae.
956 4151 1107 4230 Denique
1132 4148 1166 4212 in
1190 4148 1315 4214 Sidonii
1339 4146 1541 4212 Horatianae
1577 4145 1645 4210 imi·

153 4237 286 4300 tationis
309 4255 415 4317 genus
440 4238 602 4316 inquirere
626 4238 701 4300 ideo
726 4239 814 4302 haud
837 4241 974 4322 pigebit.
1007 4242 1130 4322 quippe
1154 4258 1229 4302 cum
1254 4237 1423 4319 exquisitis
1448 4235 1643 4310 rationibus,

153 4345 238 4406 quae
262 4326 346 4390 inter
369 4336 544 4407 utrumque
568 4337 704 4409 poetam
728 4329 941 4412 intercedant,
959 4331 990 4392 in
1014 4339 1121 4393 totum
1145 4328 1309 4392 scribendi
1333 4327 1469 4390 modum
1492 4323 1640 4390 Sidonia·

153 4435 231 4478 num
256 4416 505 4496 quodammodo
529 4417 625 4480 altius
648 4429 823 4498 penetrare
846 4421 1021 4500 possimus.

263 4557 282 4624 ι)
302 4562 360 4610 Ηοο
380 4561 481 4625 planius
500 4561 686 4627 percipiemus.
705 4563 729 4613 si
749 4563 977 4614 deliberaverimus
998 4562 1143 4614 Horatiana
1163 4577 1265 4627 quoque
1285 4554 1397 4612 carmina
1417 4574 1510 4624 pueros
1530 4559 1556 4608 in
1577 4557 1644 4608 ludis

153 4629 297 4682 litterarum
317 4633 433 4683 studiosa
448 4633 561 4684 lectione
581 4635 735 4685 tractavisse
750 4640 829 4700 atque
849 4635 995 4691 edidicisse,
1011 4635 1079 4700 quod
1098 4636 1184 4699 ipsum
1202 4632 1254 4683 sibi
1273 4637 1379 4697 poetam
1394 4631 1568 4681 vaticinatum
1589 4645 1644 4680 esse

154 4701 221 4750 haud
241 4704 387 4767 ignoramus
407 4703 457 4770 (Cf.
477 4706 541 4756 Her.
562 4722 606 4770 ep.
626 4708 646 4762 l,
666 4707 711 4772 20,
730 4709 784 4772 17).
804 4707 844 4759 Cf.
865 4707 944 4758 etiam
963 4707 1070 4771 Schanz,
1089 4702 1141 4756 litt.
1161 4707 1207 4756 lat.
1226 4700 1354 4768 hist.²11,
1375 4699 1390 4753 1
1411 4719 1437 4767 p.
1459 4703 1510 4753 128
1529 4717 1567 4766 sq.

261 4788 283 4860 ²)
302 4794 343 4843 De
362 4793 476 4845 Modesti
495 4795 598 4846 nomine
618 4791 722 4846 dubitat
742 4791 903 4852 sirmondus,
922 4796 983 4861 quia
1002 4797 1029 4847 in
1049 4796 1124 4846 codd.
1143 4795 1194 4845 soli
1213 4793 1321 4844 carmini
1341 4798 1433 4858 quarto
1453 4791 1642 4858 praescriptum

155 4865 246 4910 exstat.
285 4863 334 4915 Sed
354 4865 386 4915 cf.
407 4866 567 4927 Gustafsson,
588 4868 618 4917 de
636 4868 786 4933 Apollinari
805 4867 914 4920 Sidonio
934 4868 1098 4919 emendando.
1137 4866 1347 4931 tlelsingforsiae‚
1368 4861 1445 4915 1882.
1465 4881 1491 4928 p·
1514 4865 1556 4913 13.

261 4949 283 5015 ⁸)
301 4953 394 5004 Errare
416 4954 495 5018 igitur
519 4955 622 5007 videtur
640 4957 756 5018 Baretus,
782 4957 826 5022 qui
849 4958 876 5008 in
901 4959 963 5010 edit.
990 4953 1045 5009 sid.
1065 4957 1117 5021 Ap.
1146 4953 1239 5024 (Paris.
1261 4956 1337 5011 1879.
1357 4971 1385 5020 p.
1405 4950 1441 5019 1.)
1471 4953 1535 5002 haee
1565 4951 1644 5003 dicit:

153 5019 260 5142 Ιὸἰὸοἱιιο
279 5022 443 5087 Apollioaire
473 5034 511 5077 est
539 5044 572 5078 uu
599 5031 717 5094 exempla
742 5029 897 5083 memorabis
916 5031 948 5086 de
968 5030 991 5084 la
1014 5028 1152 5099 puissance
1172 5028 1205 5078 du
1232 5027 1312 5079 talent
1333 5032 1359 5078 et
1385 5026 1416 5078 de
1435 5021 1579 5076 l’influence
1600 5024 1644 5074 des

166 5108 179 5142 e
204 5107 251 5142 res.
273 5119 306 5128 —
