3876 5604
851 325 1031 392 ..27-

189 538 236 601 Ut
261 539 348 600 enim
372 549 501 603 taceam
526 540 567 605 de
592 560 675 604 voce
700 561 772 605 rara
800 540 1027 619 »biformis«,¹)
1051 542 1153 605 verba
1175 539 1238 622 illa,
1274 560 1358 622 quae
1395 540 1565 623 exscripsi,
1591 541 1681 604 haud

188 628 399 692 dissentanea
425 639 502 694 sunt
525 629 584 706 his,
612 650 695 712 quae
720 643 854 698 exstant
878 651 905 696 c.
928 627 974 708 II,
1000 630 1051 706 20,
1078 631 1116 694 21
1144 650 1192 713 sq.

530 755 696 822 absint
719 757 809 822 inani
833 757 948 822 funere
972 752 1091 819 neniae

528 844 710 930 luctusque,
735 858 905 930 turpes
929 845 1363 927 etquaerimoniae.

186 965 254 1033 Hic
278 989 360 1032 vero
384 971 503 1035 dixerit
536 971 677 1036 fortasse
712 974 875 1055 quispiam
900 971 1035 1036 Sollium
1069 967 1172 1033 etiam
1203 990 1242 1032 ea
1266 969 1375 1033 Flacci
1408 970 1561 1045 carmina,
1598 989 1681 1051 quae

187 1059 382 1140 neutiquam
408 1061 440 1121 in
464 1081 600 1125 numero
623 1075 837 1126 venustorum
862 1061 1015 1126 habenda
1039 1060 1113 1133 sint,
1138 1077 1210 1122 esse
1235 1059 1410 1123 imitatum.
1436 1058 1681 1124 contradicenti

187 1158 300 1212 autem
334 1145 381 1210 illi
414 1152 635 1231 respondeam
672 1151 741 1215 fieri
773 1173 853 1216 sane
881 1169 990 1233 posse,
1026 1156 1062 1212 ut
1095 1159 1260 1212 nostrates
1291 1149 1500 1212 offendantur
1532 1150 1679 1212 oratione

187 1235 284 1300 huius
325 1238 486 1315 carminis,
522 1241 610 1321 quod
648 1255 799 1306 veterum
839 1238 961 1304 iudicio
998 1239 1093 1302 aliter
1129 1240 1310 1302 constituto
1347 1238 1570 1319 gratissimum
1605 1258 1678 1302 esse

188 1323 303 1405 potuit
353 1325 547 1390 Criticorum
572 1327 659 1392 enim
684 1329 822 1393 aliorum
847 1328 938 1393 aliud
962 1337 1013 1391 est
1037 1327 1153 1390 talium
1178 1346 1285 1389 rerum
1309 1323 1508 1410 iudicium.²)
1547 1323 1612 1390 Sed
1636 1347 1681 1389 ex

187 1411 273 1495 ipsis
296 1413 423 1479 Sidonii
451 1415 693 1483 imitationibus
726 1439 903 1501 possumus
934 1415 1126 1481 ratiocinari
1155 1415 1246 1478 illum
1280 1412 1416 1498 quidem
1448 1426 1581 1497 poetam
1615 1415 1679 1478 hoc

186 1505 333 1567 carmine
358 1501 544 1570 Horatiano
570 1526 643 1572 esse
667 1507 878 1573 delectatum.

292 1631 476 1712 Pergentes
515 1632 600 1695 duos
637 1630 765 1696 Sidonii
803 1632 896 1696 locos
934 1629 964 1696 si
1002 1621 1109 1696 minus
1145 1630 1274 1712 amplos
1313 1641 1423 1694 tamen
1463 1626 1679 1711 gravissimos

190 1719 437 1802 perlustremus,
469 1721 524 1802 qui
548 1722 591 1784 ad
615 1721 742 1787 Horatii
776 1741 865 1784 carm
899 1718 927 1795 I,
953 1720 995 1785 35
1029 1722 1205 1802 pertinent,
1241 1720 1295 1782 ubi
1328 1718 1465 1781 Flaccus
1498 1719 1677 1828 Fortunam

190 1809 369 1872 Antianam
394 1808 445 1874 bis
469 1808 678 1892 persequitur
701 1808 851 1874 versibus
877 1810 910 1890 (5
877 1809 995 1892 (.sq)

582 1946 615 1999 te
638 1957 767 2018 pauper
790 1933 896 2001 ambit
920 1934 1061 1999 sollicita
1086 1954 1185 2017 prece

581 2029 662 2088 ruris
688 2026 834 2102 colonus,
860 2038 894 2090 te
919 2027 1087 2090 dominam
1112 2026 1279 2105 aequoris;

185 2133 271 2194 adde
296 2151 326 2196 v.
352 2133 371 2194 9
396 2151 444 2214 sq.
469 2168 511 2179 -

294 2257 395 2324 Cuius
419 2257 485 2321 loci
510 2262 702 2323 memoriam
725 2272 891 2325 recentem
916 2260 1124 2323 conservavit
1140 2256 1303 2332 Sidonius,
1331 2259 1385 2341 qui
1410 2259 1441 2320 in
1466 2255 1674 2340 panegyrico

186 2348 359 2412 Anthemii
383 2349 529 2431 Augusti
552 2351 593 2430 (c.
618 2347 662 2425 ΙΙ,
688 2371 717 2416 ν,
746 2349 786 2414 18
809 2347 871 2430 sq.)
895 2348 1044 2431 scripsit:

465 2486 498 2537 te
523 2495 621 2556 prece
645 2475 782 2538 ruricola
807 2475 953 2557 expetiit,
979 2485 1012 2538 et
1036 2475 1169 2538 loedere
1193 2475 1321 2538 iunctus

470 2565 622 2658 adsensu,
646 2575 680 2628 te
703 2576 810 2629 castra
834 2564 932 2641 tubis,
958 2575 991 2628 te
1015 2567 1103 2636 curia
1126 2565 1241 2645 plausu
1267 2585 1294 2627 e.
1320 2582 1352 2645 q.
1377 2584 1402 2626 s.

187 2689 312 2752 Versus
336 2689 407 2752 illos
431 2709 617 2754 sermonem
642 2691 860 2754 Horatianum
888 2702 1057 2773 tamquam
1082 2693 1207 2772 spirare
1232 2691 1323 2754 lacile
1354 2689 1413 2753 tibi
1438 2689 1674 2770 persuadebis;

187 2776 314 2857 optime
339 2781 423 2842 enim
447 2781 622 2844 concinunt
646 2778 776 2842 Horatii
807 2781 908 2843 verba
941 2793 994 2844 »te
1024 2782 1127 2844 ambit
1158 2801 1255 2861 prece
1289 2782 1368 2842 ruris
1402 2779 1557 2842 colonus«
1595 2799 1669 2840 cum

186 2867 370 2930 Sidonianis
397 2881 448 2932 »te
472 2889 570 2949 prece
593 2868 734 2933 ruricola
758 2873 932 2954 expetiit‹;
956 2889 1057 2950 porro
1081 2867 1237 2948 persimili
1262 2869 1388 2933 ratione
1408 2880 1546 2949 uterque
1571 2880 1671 2949 poeta

170 2957 321 3022 'adhibet
346 2956 484 3039 figuram
509 2960 722 3040 repetitionis,
749 2978 832 3041 quae
856 2979 939 3022 voce
967 2971 1037 3022 »te«
1066 2958 1211 3022 efficitur.
1259 2958 1353 3040 Quae
1385 2960 1523 3021 imitatio
1548 2957 1670 3020 Sidonii

186 3044 354 3111 stabilitur
378 3046 482 3111 altero
507 3047 592 3122 loco,
617 3047 673 3129 qui
697 3059 748 3112 est
772 3068 800 3112 c.
825 3048 867 3127 V,
895 3047 959 3112 110
982 3067 1053 3130 sqq.

366 3173 430 3236 Au
444 3192 465 3254 g
479 3196 498 3236 u
512 3195 527 3237 s
540 3184 554 3238 t
566 3195 586 3236 u
601 3194 632 3237 m
657 3176 798 3255 sumpsit
821 3194 951 3257 nomen,
976 3191 1035 3254 per
1059 3185 1231 3253 utramque
1256 3175 1451 3254 magistrum

366 3261 516 3327 militiam
539 3264 580 3326 ad
606 3274 773 3345 partes
797 3261 892 3346 regni
916 3273 1153 3327 venturus
1177 3264 1363 3328 ans..

183 3386 407 3516 quibuscum
431 3388 579 3452 versibus
604 3391 850 3472 compositurus
875 3411 946 3453 sum
971 3391 1050 3456 Hor
1077 3412 1104 3456 c.
1130 3390 1153 3465 I,
1179 3388 1231 3471 35,
1257 3387 1298 3452 29
1320 3407 1382 3468 sqq

396 3497 509 3578 serves
532 3512 713 3580 iturum
736 3515 1059 3580 Caesarem-
1083 3528 1117 3581 et
1140 3515 1292 3578 iuvenum
1317 3533 1431 3576 recens

399 3624 539 3668 examen
562 3605 674 3669 Eois
698 3603 882 3670 timendum
906 3605 1139 3688 partibus.

188 3727 310 3792 Sidonii
335 3730 536 3794 enuntiatum
559 3740 611 3794 sat
635 3730 798 3813 singulare
822 3731 1009 3814 lectumque
1047 3733 1108 3795 »ad
1138 3741 1250 3812 partes
1274 3729 1382 3793 ans«
1417 3730 1459 3792 ad
1492 3727 1577 3791 illius
1608 3727 1670 3789 loci

188 3817 360 3883 Horatiani
384 3819 555 3903 exemplar
579 3820 784 3884 referendum
808 3841 881 3884 esse
906 3824 962 3884 vix
986 3819 1161 3904 quisquam
1187 3821 1330 3902 negabit.

293 3963 410 4030 Studia
433 3976 521 4030 certa
537 3965 765 4048 Apollinarem
790 3966 889 4030 etiam
912 3966 944 4027 in
968 3963 1023 4027 illo
1047 3965 1177 4028 Horatii
1200 3984 1352 4028 sermone
1378 3964 1547 4027 suavitatis
1565 3961 1665 4043 pleno

185 4057 345 4136 posuisse,
382 4073 447 4135 quo
483 4055 617 4119 Flaccus
652 4057 834 4136 sapientem
869 4056 972 4136 patris
1007 4073 1119 4117 curam
1155 4065 1252 4135 grato
1288 4055 1398 4116 animo
1441 4053 1665 4132 reminiscitur,

184 4147 407 4227 argumentari
430 4143 509 4208 mihi
533 4151 695 4226 integrum
728 4154 785 4211 est.
834 4145 898 4208 Ter
928 4143 1082 4209 Sidonius
1115 4164 1188 4207 sese
1221 4142 1386 4206 aemulum
1418 4145 1557 4224 praebet
1589 4144 1668 4207 Hor.

183 4250 244 4300 sat.
268 4236 292 4318 Ι,
318 4236 348 4317 6,
371 4254 524 4298 versnum
547 4233 591 4300 85
615 4254 686 4317 sqq.

313 4411 321 4428 .
348 4414 355 4427 .
381 4413 387 4425 .
413 4361 474 4424 sibi
498 4383 539 4424 ne
562 4360 645 4426 vitio
668 4360 744 4446 quis
768 4372 920 4440 verteret,
945 4360 1056 4424 olim

312 4449 342 4513 si
366 4470 545 4532 praeco
569 4471 698 4532 parvas,
724 4463 780 4514 aut
803 4461 848 4515 ut
869 4451 968 4516 fuit
991 4453 1106 4534 ipse,
1131 4458 1335 4512 coactor

312 4541 559 4603 mercedes
583 4555 750 4621 sequerer:
779 4559 885 4622 neque
910 4561 973 4621 ego
999 4561 1106 4604 essem
1130 4551 1281 4621 questus;
1307 4548 1341 4602 at
1365 4537 1429 4600 hoc
1454 4557 1538 4603 nunc

312 4626 416 4692 laus
440 4627 523 4692 ille
548 4630 754 4692 debetur
778 4638 811 4693 et
834 4649 853 4692 a
877 4648 929 4692 me
954 4627 1061 4711 gratia
1085 4633 1195 4692 maior.

292 4768 311 4836 ¹)
332 4773 456 4823 Horatius
475 4774 531 4837 ipse
551 4775 598 4824 hac
613 4790 677 4824 voce
702 4780 800 4824 tantum
825 4774 884 4823 loco
904 4790 979 4838 supra
994 4776 1097 4838 prolato
1123 4775 1220 4840 utitur;
1241 4782 1354 4825 ceterum
1375 4791 1476 4839 perraro
1496 4775 1545 4823 hoc
1561 4777 1668 4823 verbum

185 4860 211 4892 se
233 4845 307 4893 nllert
327 4846 425 4908 legenti
445 4845 533 4910 (Verg.
553 4846 617 4896 Aen.
638 4847 684 4899 VI.
704 4843 752 4913 25;
774 4847 820 4896 Ov.
842 4847 903 4896 Met.
924 4847 968 4909 IX,
990 4843 1060 4911 121),

292 4927 324 4995 ¹)'
336 4933 424 4998 Neque
444 4935 533 4984 desunt
554 4935 604 4985 alia
624 4936 718 4986 Horati
739 4935 857 4994 carmina,
875 4951 940 5000 quae
959 4936 1003 4983 vix
1019 4935 1159 4986 concinunt
1178 4952 1234 4985 curn
1257 4936 1408 4985 nostratium
1428 4935 1538 4994 iudicio,
1559 4936 1632 4984 velut
1647 4953 1668 4986 c.

182 5003 202 5069 Ι,
225 5001 269 5070 15;
295 5001 329 5064 ΙΙ,
351 5007 396 5071 19;
423 5007 469 5064 Ill,
494 5003 528 5056 25
555 5016 579 5056 et
613 5007 655 5070 27,
682 5009 713 5056 de
742 5008 834 5072 quibus
862 5007 1052 5057 diversissimae
1082 5008 1295 5058 circumferuntur
1325 5007 1479 5069 sententiae;
1505 5007 1538 5054 cf.
1569 5006 1668 5060 Nauck⁸

181 5075 347 5126 Weissenlels
366 5079 397 5126 ad
417 5079 480 5134 Hor.
501 5095 523 5128 c·
540 5079 571 5135 ΙΙ,
587 5075 618 5134 ll
640 5075 714 5148 (ed.¹⁴
733 5096 761 5142 p.
782 5075 855 5146 120);
876 5079 972 5134 Keller,
993 5079 1086 5144 epileg.
1107 5094 1130 5133 z.
1152 5081 1214 5132 Hor.
1235 5097 1259 5146 p.
1280 5081 1322 5136 00,
1344 5081 1385 5132 16,
1404 5075 1462 5132 102,
1484 5076 1542 5140 175,
1564 5075 1614 5126 179
1634 5074 1668 5130 al.

1599 5181 1631 5233 4*
