3876 5604
826 261 999 325 ..19-

165 488 216 540 est
239 477 460 558 cogitandum,
486 481 562 560 quia
585 479 687 541 verba
711 479 784 560 ipsa
807 476 906 557 plane
929 473 991 538 alia
1015 486 1091 540 sunt
1119 476 1367 554 sententiaeque
1390 473 1464 536 illae
1490 474 1532 535 ad
1558 472 1652 535 locos

164 586 355 630 communes
383 577 556 648 poetarum
579 565 776 631 Latinorum
809 568 989 648 pertinent3
1025 563 1141 628 similia
1172 565 1258 627 enim
1282 564 1421 644 legimus
1455 563 1544 644 apud
1575 561 1652 623 Pro·

164 657 313 736 pestium,
339 654 533 739 panegyrici
557 656 732 720 Messallae
756 667 937 732 auctorem,
964 653 1078 717 culicis
1102 663 1254 736 poetam;
1289 653 1349 716 sed
1377 650 1456 734 quia
1489 651 1653 725 Sidonius

165 758 322 827 quantum
346 746 505 822 videmus,
522 757 640 827 poetas
665 745 740 809 illos
766 766 831 809 non
855 745 1013 827 respexit,
1030 764 1069 806 ea
1094 763 1178 826 quae
1203 761 1301 824 supra
1325 742 1436 806 verbis
1460 739 1562 814 attuli,
1588 760 1655 802 non

163 838 232 896 sine
257 846 429 900 momento
453 855 526 898 esse
552 854 683 899 censeo.

270 958 477 1039 Consimiles,
515 962 653 1023 duorum
690 962 895 1024 diversorum
932 969 1125 1041 poematum
1163 957 1291 1021 Horatii
1316 953 1503 1032 allusiones,
1539 965 1575 1020 ut
1610 955 1654 1021 ita

162 1054 279 1124 dicam,
312 1049 509 1112 Sidonianae
542 1051 784 1133 conspiciuntur
817 1051 849 1112 in
882 1047 950 1114 Sid.
985 1069 1087 1112 carm.
1110 1047 1151 1122 V,
1178 1044 1244 1112 574
1267 1065 1350 1128 sqq,
1388 1064 1525 1126 quarum
1549 1044 1653 1109 altera

162 1141 205 1202 ad
228 1140 336 1202 Flacci
360 1160 388 1203 c.
413 1137 435 1214 l,
462 1140 491 1221 2,
516 1138 619 1204 altera
654 1140 696 1203 ad
730 1160 756 1203 c.
790 1139 848 1214 lV,
883 1139 913 1212 2,
949 1138 991 1201 de
1028 1157 1094 1220 quo
1130 1135 1335 1218 disserimus,
1369 1135 1555 1198 revocanda
1590 1143 1653 1198 est.

162 1227 318 1292 Sidonius
347 1229 443 1310 igitur
466 1231 530 1291 hoc
553 1227 628 1292 loco
653 1229 868 1292 Maiorianum
891 1227 1092 1308 Augustum,
1118 1227 1345 1291 adversarium
1369 1222 1532 1289 victorem
1548 1223 1654 1300 Aviti,

162 1328 232 1380 tum
256 1319 410 1399 Lugduni
434 1328 694 1383 commorantem
719 1319 808 1382 hisce
832 1318 1010 1398 compellat
1034 1316 1167 1381 verbis:

421 1475 454 1528 et
478 1466 553 1545 quia
577 1462 706 1526 lassatis
730 1463 864 1525 nimium
889 1481 966 1544 spes
991 1463 1084 1524 unica
1106 1461 1252 1524 rebus

421 1555 623 1628 venisti,
649 1554 780 1627 nostris,
805 1553 1026 1634 petimus,
1052 1570 1202 1614 succurre
1226 1548 1382 1612 ruinis

420 1643 687 1724 Lugdunumque
712 1653 810 1722 tuam,
835 1644 913 1704 dum
938 1643 1108 1721 praeteris,
1133 1640 1266 1720 adspice
1291 1640 1406 1702 victor.

163 1751 309 1831 Prior'um
334 1771 510 1832 verborum
534 1769 629 1851 origo
654 1771 752 1832 ducta
777 1778 828 1831 est
851 1768 893 1830 ab
917 1766 997 1832 Hor.
1022 1787 1050 1830 c.
1075 1767 1098 1842 l,
1124 1764 1155 1841 2,
1180 1765 1269 1846 quod
1294 1782 1416 1846 poema
1439 1762 1596 1826 Horatius
1621 1762 1654 1824 in

162 1860 368 1941 imperatoris
392 1859 552 1922 honorem
577 1860 783 1940 composuit;
808 1857 848 1922 cl.
874 1877 904 1923 v.
928 1853 971 1920 25
995 1876 1044 1936 sq.

356 1984 463 2065 Quem
487 1994 586 2049 vocet
610 1985 721 2048 divum
746 1982 888 2066 populus
912 2002 960 2045 ru
976 2002 993 2045 e
1006 2002 1026 2043 n
1040 1989 1054 2046 t
1068 1981 1077 2041 i
1090 1999 1105 2042 s
1131 1976 1135 2068 )
1161 1979 1277 2062 imperi
1301 1977 1461 2041 rebus?

161 2108 399 2192 mufflm

441 2238 500 2300 Cui
525 2238 616 2300 dabit
640 2247 751 2316 partes
777 2236 885 2300 scelus
910 2236 1066 2316 expiandi

436 2325 606 2409 Juppiter?
631 2327 781 2390 Tandem
805 2326 982 2400 venias,
1008 2343 1324 2406 precamur..
1350 2377 1356 2389 .

161 2451 296 2515 Artiore
320 2473 398 2516 sane
423 2453 552 2515 vinculo
576 2453 608 2515 hi
632 2452 695 2516 loci
719 2456 838 2516 conexi
872 2465 947 2517 sunt
971 2473 1045 2515 cum
1069 2450 1253 2514 Sidonianis
1287 2448 1349 2513 illis
1373 2448 1533 2524 versibus,
1567 2469 1651 2532 quos

162 2542 411 2622 proposuimus;
436 2544 594 2622 imprimis
618 2563 697 2620 vero
720 2543 773 2605 hic
797 2563 897 2606 voces
921 2541 1067 2622 singulae
1100 2546 1143 2608 ab
1167 2552 1309 2621 utroque
1342 2549 1443 2619 poeta
1477 2538 1647 2604 exhibitae

160 2630 288 2696 illorum
324 2632 472 2694 locorum
496 2635 729 2713 cognationem
765 2631 974 2713 splendidam
1007 2633 1039 2693 in
1075 2630 1180 2694 lucem
1216 2627 1395 2710 proferunt.
1443 2627 1644 2714 Conspirant

161 2719 247 2782 enim
270 2723 355 2784 inter
376 2741 411 2783 se
436 2722 596 2784 vocabula
620 2722 715 2785 haec:
740 2724 848 2803 rebus,
873 2722 993 2784 venisti
1018 2719 1167 2806 (venias),
1193 2717 1295 2783 ruinis
1321 2717 1480 2804 (ruentis),
1504 2719 1648 2799 petimus

161 2809 368 2890 (precamur).
417 2811 496 2874 Vox
527 2810 580 2873 illa
616 2813 795 2891 »petimus«
833 2813 921 2892 apud
955 2810 1129 2874 Horatium
1164 2809 1228 2870 hoc
1271 2807 1345 2870 loco
1377 2807 1647 2888 interpositionis,

159 2919 244 2982 quae
267 2912 412 2973 vocatur,
438 2899 577 2982 figuram
600 2899 709 2976 elficit,
735 2920 834 2981 quam
859 2900 1063 2982 Apollinaris
1088 2896 1252 2962 vocabulo
1290 2905 1418 2961 lantum
1442 2907 1649 2962 commutato

158 2989 340 3072 imitatur.)
384 2990 536 3053 Eundem
575 2989 684 3052 Flacci
721 2989 829 3053 locum
857 2983 1011 3053 'imitator
1048 2988 1100 3051 ille
1139 2988 1203 3050 allo
1241 2987 1317 3050 loco
1356 2985 1435 3070 (Sid.
1473 2984 1531 3061 IX,
1566 2985 1644 3074 321)

158 3078 331 3160 spectavit,
355 3079 409 3142 ubi
433 3079 557 3160 reliqua
580 3078 708 3144 Horatii
732 3080 832 3143 verba
858 3079 1031 3159 usurpavit
1056 3076 1168 3141 dicens

306 3196 313 3210 ’
404 3203 1397 3288 111111ᾳυί511οω101101000011110100100..,9)

157 3333 274 3414 quibus
298 3331 406 3396 verbis
429 3333 627 3409 imitationis,
653 3353 751 3414 quam
776 3352 876 3413 supra
900 3331 1106 3413 protulimus,
1131 3330 1214 3394 fides
1239 3339 1331 3420 certe
1356 3327 1590 3395 constabilitur.

263 3461 382 3542 Neque
406 3480 484 3524 vero
509 3461 615 3523 minus
650 3470 764 3539 aperte
788 3458 924 3524 Sidonio
960 3468 1090 3542 partem
1122 3457 1353 3540 posteriorem,
1391 3454 1465 3518 dico
1500 3474 1530 3522 v.
1568 3453 1644 3533 576,

157 3549 309 3613 scribenti
333 3549 386 3612 hic
409 3549 500 3612 locus
524 3551 721 3614 obversatus
745 3560 805 3627 est,
831 3550 886 3612 ubi
911 3549 1068 3612 Horatius
1093 3543 1239 3629 appellat
1263 3545 1462 3611 Antonium:

365 3719 367 3728 ,
445 3673 586 3762 tuque,³)
611 3677 714 3739 dum
738 3677 979 3758 procedis,
1009 3674 1059 3736 »io
1083 3669 1334 3752 triumphe«

531 3779 595 3828 non
619 3765 722 3828 semel
747 3767 892 3828 dicemus
919 3813 925 3828 .
951 3814 957 3830 .
985 3817 991 3831 .

158 3887 310 3954 Sidonius
343 3901 453 3955 autem
489 3893 581 3958 dicit:
620 3893 735 3955 ndum
768 3891 1021 3974 praeteris,
1053 3889 1163 3970 aspice
1194 3887 1371 3951 victor«
1431 3884 1584 3949 Profecto
1613 3883 1646 3948 hi

157 3979 221 4041 loci
244 3983 328 4044 inter
351 4002 387 4044 se
411 3981 521 4045 collati
545 3983 623 4047 satis
649 3982 864 4045 imitationem
889 3981 1100 4044 Sidonianam
1124 3985 1316 4059 coarguunt.

264 4105 364 4170 Paulo
388 4107 468 4168 inira
490 4104 643 4172 Sidonius
659 4129 690 4174 v.
707 4108 771 4174 592
787 4130 860 4191 sqq.
885 4129 920 4172 se
937 4127 1069 4171 carmen
1092 4104 1301 4186 quantumvis
1320 4114 1419 4167 tenue
1438 4103 1645 4167 conditurum

157 4216 229 4260 esse
255 4197 341 4270 dicit,
367 4207 402 4259 ut
426 4197 633 4277 imperatoris
658 4198 771 4262 laudes
795 4201 947 4263 illustret:

264 4339 283 4406 ¹)
316 4345 424 4408 Saepius
444 4345 531 4393 eadem
560 4345 660 4394 ratione
692 4347 815 4395 lloratius
844 4360 946 4411 quoque
975 4344 1096 4407 precandi
1117 4344 1222 4392 verbum
1242 4339 1410 4406 interponit;
1431 4339 1467 4388 el.
1486 4355 1509 4389 c.
1529 4339 1549 4392 1.
1570 4340 1594 4400 3,
1615 4334 1644 4404 7,

156 4416 198 4476 31,
223 4416 271 4476 18·,
292 4416 369 4480 epod.
389 4417 435 4479 lll,
456 4419 505 4479 203
524 4431 601 4469 curm.
623 4413 664 4474 lV,
687 4421 709 4471 1.
730 4415 753 4467 2.

263 4500 283 4570 ²)
316 4509 388 4569 Quae
413 4522 553 4571 componas
582 4507 659 4556 velim
689 4524 745 4556 cum
776 4509 827 4562 his:
858 4511 968 4571 Quem
999 4514 1075 4556 vocet
1100 4508 1222 4557 divum
1248 4505 1360 4570 populus
1389 4502 1541 4554 ruentis..
1566 4536 1572 4548 .
1601 4506 1644 4554 cui

156 4572 197 4624 da
209 4578 223 4624 b
234 4577 243 4625 i
255 4584 264 4624 t
284 4577 427 4642 Juppiter?

262 4663 281 4733 ³)
316 4671 355 4718 lta
385 4666 544 4718 scribendum
578 4685 632 4718 esse
660 4678 730 4718 recte
759 4670 848 4720 docuit
877 4669 1052 4735 peritissimus
1072 4672 1210 4721 carminum
1232 4669 1433 4718 Horatianorum
1461 4667 1590 4731 interpres
1610 4669 1642 4720 Ο.

157 4739 244 4786 Κο1101·
263 4741 288 4788 in
309 4741 371 4804 epil.
392 4741 423 4789 ad
444 4743 505 4790 Hor.
527 4759 551 4806 p.
572 4743 722 4794 aot-303.
752 4743 831 4796 codd.
853 4744 973 4792 exhibent
995 4760 1081 4792 omues
1104 4748 1224 4807 „teque“.
1255 4741 1387 4804 Originem
1408 4755 1541 4803 perversae
1570 4735 1646 4790 illius

155 4811 298 4873 scripturae
317 4813 460 4876 profectam
481 4830 536 4862 esse
555 4812 624 4862 duco
644 4829 657 4861 a
679 4813 778 4862 librarii
802 4815 965 4863 aberratione
981 4817 1126 4876 oculorum,
1147 4815 1179 4866 cf.
1201 4814 1266 4862 enirn
1295 4827 1360 4860 vers.
1381 4807 1415 4862 53
1429 4811 1504 4860 huius
1524 4812 1643 4861 carminis

155 4882 258 4930 initium
288 4885 362 4932 Loco
382 4884 431 4931 hoc
452 4885 591 4934 Sidoniauo
621 4885 773 4934 coniectura
802 4893 906 4950 „tuque
934 4888 992 4936 duur
1013 4887 1152 4951 procedis·
1186 4885 1271 4934 fulciri
1296 4884 1410 4948 videtur;
1432 4889 1537 4932 certe
1557 4888 1642 4933 autem

155 4953 378 5004 reiciuntur
398 4957 446 5004 hoc
473 4955 533 5006 loco
554 4972 592 5010 ea.
613 4973 678 5019 1111110
699 4957 831 5006 Bentleius
858 4956 952 5024 (isque,
972 4959 1030 5008 dum
1050 4954 1181 5024 procedit)
1203 4966 1229 5006 et
1250 4954 1394 5006 hleinekius
1423 4955 1487 5005 Luc.
1516 4955 1641 5005 Muellero

154 5027 280 5090 probante
301 5023 406 5092 (Atque,
428 5030 485 5080 drrrn
505 5025 637 5094 procedit)
659 5029 834 5081 coniecerunt.

1529 5079 1606 5186 ,3,
