3876 5604
827 362 1004 427 ..53-

170 581 344 646 medellam
376 585 420 647 ita
451 600 569 663 parare
593 588 810 659 temptarunt
842 588 879 642 ut
901 575 1099 645 seriberent:
1127 561 1400 664 ›mihicumque‹.
1446 579 1527 645 At
1519 603 1552 646 ιη
1577 580 1660 648 totis

173 671 289 737 litteris
313 670 443 736 Latinis
467 671 592 734 locus
584 665 722 732 inveniri
746 669 859 748 nequit
882 667 976 739 ullus,
1008 687 1075 745 quo
1099 668 1178 733 illud
1206 691 1383 754 ›cumque‹
1411 690 1485 734 cum
1509 691 1661 753 prono·

172 765 279 824 mine
303 760 531 844 personali
562 759 772 822 coniunctum
795 754 962 840 legatur)
1009 758 1106 839 Quae
1130 779 1205 823 cum
1229 764 1274 827 ita
1298 763 1370 834 sint,
1395 761 1551 861 traditam
1575 761 1661 825 hanc

169 852 344 915 lectionem
360 848 552 931 neutiquam
571 847 702 912 retineri
718 866 818 929 posse
840 847 949 928 liquet.
974 846 1137 928 Quocirca
1153 860 1244 914 recte
1260 861 1400 933 egerunt
1422 851 1454 926 ii,
1479 848 1535 931 qui
1560 853 1661 932 scrip·

166 952 275 1005 turam
307 938 514 1024 probabilem
537 939 725 1001 coniectura
757 936 849 1017 sequi
873 934 1051 1001 studebant
1082 937 1172 1004 velut
1194 940 1293 1003 Hern
1296 940 1397 1003 erden
1430 934 1523 1024 (mihi
1546 951 1582 1006 tu
1607 959 1660 1003 us-

165 1027 256 1113 que),
281 1030 476 1093 Lachmann
500 1023 759 1132 (medicumque)
782 1025 845 1088 alii.
870 1023 952 1088 Mihi
968 1021 1172 1108 Madvigii,
1163 1029 1324 1111 ingeniosi
1347 1026 1431 1092 illius
1454 1029 1659 1096 coniectura-

164 1139 238 1182 rum
262 1117 457 1201 inventoris,
484 1118 596 1200 opinio
620 1117 714 1178 unice
737 1134 815 1178 vera
838 1115 976 1194 videtur,
1000 1117 1054 1198 qui
1077 1117 1160 1180 haec
1183 1119 1364 1200 proponit.
1368 1113 1394 1200 ²)

274 1266 359 1329 Puto
383 1263 558 1328 Horatium
582 1259 776 1343 scripsisse:
807 1258 902 1322 »mihi
925 1260 1025 1340 iunge
1049 1258 1139 1324 salve
1166 1257 1172 1344 Ι
1200 1263 1259 1326 rite
1283 1261 1446 1326 vocanti«.
1470 1295 1514 1306 ·-
1539 1261 1657 1326 Mutuo

166 1352 231 1418 sibi
258 1354 387 1418 »salve«
415 1351 510 1417 reddi
533 1371 553 1414 a
576 1351 742 1416 testudine
766 1348 845 1422 vult,
871 1359 907 1413 ut
930 1349 1068 1412 canendi
1092 1350 1198 1413 socias
1221 1361 1335 1431 partes
1357 1359 1521 1415 tueantur.
1549 1349 1660 1432 Quam

167 1441 328 1526 Madvigii
360 1445 581 1506 coniecturam
612 1439 663 1502 his
688 1437 947 1502 confirmaverim
971 1439 1193 1520 argumentis:
1226 1440 1373 1503 Primum
1396 1439 1558 1505 litterae'
1550 1459 1561 1503 ι
1584 1443 1660 1504 etc

170 1543 272 1614 atque
297 1554 319 1616 g
344 1543 377 1597 et
401 1553 423 1614 q
446 1529 481 1594 in
507 1529 596 1594 libris
621 1549 720 1593 manu
745 1528 875 1611 scriptis
899 1527 986 1592 haud
1010 1545 1084 1589 raro
1114 1527 1372 1614 confunduntur,
1403 1530 1538 1604 accedit,
1571 1532 1660 1613 quod

169 1624 264 1688 codd
302 1620 447 1685 nonnulli
481 1635 649 1701 »cunque«
687 1617 854 1682 exhibent.
902 1616 1031 1680 Deinde
1067 1615 1152 1680 hunc
1183 1617 1292 1682 locum
1326 1580 1543 1684 Hbratianum
1566 1617 1660 1682 Sollii

170 1709 281 1775 animo
312 1713 524 1775 obversatum
558 1728 632 1772 esse
664 1708 841 1784 contendo,
873 1725 947 1769 cum
979 1706 1062 1769 haec
1095 1705 1255 1772 scriberet
1286 1707 1385 1789 (epist
1418 1705 1496 1790 VII,
1533 1708 1583 1792 12,
1616 1705 1660 1792 4):

175 1812 310 1864 »tuum
335 1799 501 1866 salve..
526 1799 590 1862 iam
614 1798 801 1861 nominibus
824 1797 1037 1877 adiungi«.
1061 1794 1138 1885 Quo
1162 1795 1236 1860 loco
1258 1795 1439 1861 Sidoniano
1462 1798 1551 1861 haud
1575 1798 1660 1862 male

170 1890 298 1955 fulcitur
321 1891 480 1970 Madvigii
503 1890 699 1967 coniectura,
731 1883 894 1989 quarnO
920 1885 1089 1949 Kellerum
1121 1905 1187 1950 non
1210 1884 1403 1969 respexisse
1427 1905 1535 1968 neque
1558 1886 1660 1951 ullum

169 1980 298 2044 Horatii
321 1981 513 2044 editorem'
506 1998 537 2040 rn
561 1988 690 2042 textum
713 1976 879 2057 recepisse
904 1977 1064 2038 miramur.
1070 1980 1093 2054 ³)

271 2121 403 2185 Nullam
427 2121 459 2183 in
484 2118 632 2202 epistulis
656 2117 857 2200 Apollinaris
889 2119 1021 2200 saepius
1044 2119 1202 2183 imitando
1235 2122 1402 2203 expressit
1425 2122 1555 2187 Horatii
1577 2123 1654 2188 sati-

161 2232 246 2289 ram,
269 2231 378 2294 quam
403 2208 536 2274 alterius
559 2207 631 2272 libri
654 2211 805 2290 primam.
851 2208 1010 2289 Legimus
1034 2211 1123 2290 apud
1146 2209 1258 2274 Sidon.
1283 2212 1379 2292 epist.
1403 2211 1461 2282 IV,
1487 2211 1539 2286 24,
1564 2212 1585 2275 6
1612 2214 1659 2276 »si

162 2303 243 2383 quid
279 2303 454 2364 adversum
479 2296 649 2373 cesserit«,
682 2316 767 2378 quae
797 2297 899 2360 verba
931 2299 1123 2361 memoriam
1155 2309 1242 2364 certe
1273 2300 1415 2382 aliquam
1438 2300 1567 2365 Horatii
1597 2313 1659 2368 sat.

162 2388 209 2465 11,
229 2394 257 2465 1,
274 2390 314 2454 31
340 2391 533 2471 instaurant,
558 2387 613 2450 ubi
636 2387 700 2450 hoc
724 2389 882 2467 scriptum
905 2388 1065 2452 videmus:
1094 2408 1219 2472 »neque
1243 2389 1370 2452 simale
1394 2401 1573 2455 cesserat«.
1599 2389 1659 2453 Co·

164 2477 256 2542 dices
280 2488 391 2544 autem
415 2480 562 2559 optimae
584 2486 683 2540 notae
706 2475 882 2541 lectionem
910 2488 1094 2558 »gesserat«
1121 2478 1290 2560 praebent,
1314 2499 1413 2560 quam
1432 2480 1524 2563 quod
1546 2479 1657 2544 obiec-

164 2579 234 2631 tum
266 2567 397 2649 aliquod
428 2565 643 2644 desideratur,
683 2564 925 2648 neglegendam
950 2586 1024 2630 esse
1054 2577 1193 2634 constat.
1233 2567 1280 2633 Cf.
1305 2566 1346 2633 Ο.
1370 2565 1496 2642 Keller,
1531 2569 1656 2652 epileg.

165 2677 194 2722 z.
212 2657 255 2721 H
273 2677 348 2739 pag
367 2655 442 2739 515,
468 2657 523 2720 ubi
547 2657 589 2719 ad
613 2655 784 2736 sripluram
803 2665 984 2720 ›cesserat‹
1004 2656 1232 2720 stabiliendam
1247 2656 1410 2723 litteratus
1433 2647 1486 2722 ille
1510 2660 1558 2721 vir
1574 2660 1658 2723 duos

164 2747 319 2828 proponit
335 2746 427 2810 locos
451 2743 540 2832 (Gell
571 2744 634 2820 IV,
659 2743 690 2822 5,
714 2747 794 2808 det
818 2743 908 2810 Curt.
934 2741 1010 2824 VII,
1035 2746 1065 2826 4,
1091 2745 1142 2829 16)
1166 2743 1219 2809 his
1243 2745 1461 2811 Sidonianis
1452 2768 1606 2829 impares.

270 2885 398 2954 Versus
421 2889 631 2966 Horatianos,
665 2887 722 2971 qui
754 2900 887 2954 exstant
910 2891 942 2953 in
972 2890 1067 2972 epist.
1091 2889 1146 2955 lib.
1171 2888 1196 2966 I,
1223 2890 1240 2952 7
1276 2890 1339 2952 fine
1365 2887 1462 2976 (96-
1467 2889 1524 2973 99)
1547 2891 1646 2960 Mich

160 2977 392 3061 Petschenig
385 2999 415 3041 rn
439 2981 582 3044 editione
606 3000 665 3042 sua
675 2978 702 3062 4)
734 2979 856 3043 delevit
879 2991 914 3043 ut
938 2980 1022 3042 male
1053 2980 1190 3045 adsutos
1215 2999 1380 3062 sensuque
1411 2979 1635 3046 claudicantes

159 3067 256 3132 Idem
287 3090 318 3133 v.
343 3068 385 3132 96
418 3071 542 3133 initium
579 3071 652 3151 »qui
676 3067 807 3152 simul⁵)
832 3070 982 3150 aspexit«
1020 3089 1063 3132 ex
1097 3091 1127 3133 v.
1151 3068 1195 3132 90
1229 3090 1347 3151 »quem
1371 3070 1468 3134 simul
1493 3056 1653 3154 aspexiti

159 3161 299 3240 petitum
327 3178 400 3221 esse
421 3161 612 3239 suspicatur.
639 3158 803 3239 Equidem
821 3159 971 3239 quamvis
987 3160 1111 3223 initium
1133 3179 1249 3224 versus
1272 3160 1315 3225 96
1332 3170 1520 3243 temporum
1544 3159 1656 3224 iniura

160 3251 305 3330 graviter
341 3246 498 3311 violatum
522 3267 596 3311 esse
619 3267 784 3330 censeam,
816 3258 932 3310 tamen
963 3257 1031 3311 tres
1055 3246 1131 3313 illos
1162 3268 1275 3313 versus
1301 3269 1510 3331 nequaquam
1536 3268 1657 3331 expun-

161 3340 291 3419 gendos
317 3357 391 3401 esse
415 3337 494 3400 mihi
518 3339 676 3419 persuasi.
724 3335 831 3402 Poeta
855 3339 941 3400 enim
966 3335 1150 3401 Venusinus
1175 3338 1358 3404 tabularum
1383 3341 1561 3420 scriptores
1585 3340 1657 3403 sub·

161 3437 294 3492 secutus
325 3427 506 3492 tribushis
538 3427 688 3490 versibus
712 3424 946 3507 complectitur
968 3437 1193 3511 praeceptum,
1226 3430 1316 3509 quod
1344 3449 1389 3491 ex
1412 3427 1523 3511 ampla
1546 3449 1657 3492 narra·

159 3518 257 3592 tione,
291 3537 375 3598 quae
408 3518 575 3597 praecedit
599 3516 642 3600 (v.
665 3514 824 3600 46-96),
851 3514 1039 3597 legentibus
1068 3514 1283 3581 derivandum
1310 3528 1371 3585 est.
1420 3517 1494 3581 Huc
1518 3521 1657 3595 accedit,

31 3657 36 3666 .
105 3603 106 3608 ’
161 3607 250 3684 quod
275 3605 367 3669 locus
393 3603 602 3688 Sidonianus,
628 3607 682 3686 qui
703 3605 823 3688 legitur
848 3605 880 3666 in
905 3606 1002 3688 epist.
1026 3603 1107 3682 VII,
1134 3608 1184 3681 14,
1210 3609 1241 3671 5:
1270 3695 1273 3701 Ι

411 3767 415 3776 ’
485 3750 544 3814 Cui
569 3769 629 3831 pro
654 3769 714 3811 suo
739 3749 876 3813 modulo
901 3751 1085 3832 comparari
1111 3797 1116 3810 .
1142 3798 1150 3815 .

162 3890 374 3974 probabilem
412 3912 490 3956 sane
525 3894 715 3959 imitationis
749 3892 954 3958 Horatianae
993 3895 1213 3974 suspicionem
1245 3895 1401 3971 movebit,
1442 3894 1470 3958 si
1505 3894 1655 3959 ultimum

162 3981 259 4045 huius
284 3979 445 4063 epistulae
468 3983 670 4048 Horatianae
693 4003 837 4065 versum,
870 3987 924 4067 qui
947 3984 993 4047 sic
1017 3984 1168 4048 incohat:
1197 3982 1324 4047 »metiri
1348 4005 1384 4047 se
1408 3997 1571 4066 quemque
1595 4004 1655 4048 suo

163 4069 323 4134 modulo«
360 4092 433 4134 cum
465 4084 585 4154 poetae
609 4073 755 4138 Arverni
788 4073 953 4136 locutione
977 4074 1212 4156 composueris.
1249 4071 1413 4137 Videmus
1437 4075 1536 4156 igitur
1559 4074 1655 4138 Sido-

161 4163 262 4235 nium,
280 4163 474 4242 scriptorem
497 4164 592 4226 huius
617 4161 777 4245 epistulae
794 4163 996 4226 Horatianae
1021 4173 1073 4228 sat
1096 4160 1356 4244 pe1·itum,illius
1381 4161 1534 4227 carminis
1558 4163 1653 4227 finem

161 4272 228 4315 non
255 4249 465 4332 praeterisse.

265 4427 285 4500 ¹)
305 4431 442 4482 Nescimus
463 4432 541 4482 etiam
561 4433 635 4482 vocis
657 4431 797 4498 ,cumque“
819 4432 961 4482 notionem.
1000 4432 1039 4486 Cf.
1061 4433 1187 4496 Madvigii
1209 4432 1306 4486 advers.
1331 4433 1386 4483 crit.
1406 4433 1450 4484 vol
1476 4433 1507 4482 11,
1524 4432 1653 4484 Hauniae.

162 4505 238 4554 1873.
259 4519 320 4570 pag.
340 4501 383 4559 54,
403 4503 495 4569 ibique
516 4505 602 4554 adnot.
623 4502 647 4556 1.

265 4607 286 4677 2)
307 4611 442 4662 Adversas.
465 4608 549 4661 critic.
570 4595 623 4662 vol.
644 4614 678 4669 ll,
700 4626 760 4677 pag.
781 4615 823 4663 54.

263 4713 282 4782 ³)
304 4720 424 4770 Ceterum
445 4720 488 4769 hic
509 4720 581 4770 locus
600 4720 638 4769 ita
659 4721 794 4770 restitutus
814 4725 875 4786 apte
896 4721 1014 4784 congruit
1036 4737 1093 4772 cnm
1113 4722 1231 4772 versibus
1252 4721 1405 4786 quibusdam
1430 4687 1561 4787 Sapphus,
1579 4738 1653 4786 quam

160 4788 291 4851 poetriam
312 4790 431 4841 Flaccum
454 4794 607 4841 aemulatum
628 4807 683 4841 esse
703 4799 811 4842 constat.
842 4792 1043 4854 (Arnold-Fries
1073 4793 1114 4843 die
1146 4793 1323 4857 griechischen
1346 4793 1454 4844 Studien
1484 4794 1546 4842 des
1557 4795 1653 4842 Horaz.

160 4859 237 4908 Halle
259 4856 326 4910 1891
345 4878 404 4927 pag.
424 4861 459 4914 92
479 4859 529 4929 sq.)
548 4865 609 4913 dico
630 4864 728 4929 Sapph.
751 4865 781 4913 ad
802 4865 928 4914 Venerem
949 4882 972 4914 v.
993 4867 1027 4915 26
1048 4882 1102 4930 sqq.

265 4955 284 5022 ⁴)
304 4957 355 5008 vid.
375 4961 458 5024 praef.
478 4978 536 5026 pag.
559 4960 617 5012 Vll.

265 5053 286 5122 ⁵)
307 5058 344 5105 iln
365 5059 451 5124 codd.;
473 5061 587 5110 editores
607 5059 722 5126 plerique
745 5055 854 5124 ,ιιτιιιιτΙΙ
878 5062 986 5110 sortasse
1005 5068 1075 5110 recte
1094 5063 1258 5127 scripserunt.
1279 5063 1328 5111 Sed
1348 5075 1410 5111 num
1430 5061 1494 5110 illud
1518 5061 1649 5126 ,aspexit‘

160 5127 274 5192 genuina
294 5129 375 5178 forma
395 5130 438 5184 sit,
458 5133 559 5182 dubito.
