3876 5604
748 347 925 414 ..37-

464 563 748 633 ...Enceladus
771 559 1022 627 iaculator
1044 563 1154 626 audax

463 677 515 719 co
527 676 548 719 n
561 665 574 721 t
587 674 633 718 ra
657 663 830 717 sonantem
855 649 995 716 Palladis
1019 673 1038 716 a
1052 673 1070 716 e
1084 654 1129 734 gi
1143 653 1197 717 da

463 754 600 829 possent
623 741 775 807 ruentes?
799 742 875 806 hinc
896 742 1013 806 avidus
1038 742 1131 807 stetit
1160 765 1162 772 ’

463 834 642 906 Volcanus,
666 832 742 895 hinc
766 881 773 898 .
796 880 804 896 .
829 885 836 898 .

80 961 217 1042 Quibus
241 958 392 1024 versibus
415 957 633 1043 adplicavisse
656 959 745 1024 iuvat
769 955 835 1023 Sid.
858 977 956 1026 carm.
979 954 1056 1037 XV,
1080 979 1110 1025 v.
1135 955 1177 1022 25
1202 976 1251 1038 sq.

326 1086 536 1153 ...Mimas
560 1094 731 1149 contra
755 1084 933 1168 aegida
956 1093 1109 1166 torquet-

325 1173 567 1258 impulsumque
591 1175 699 1256 quatit
722 1173 1019 1239 iaculabilis
1042 1171 1150 1238 insula
1173 1169 1312 1240 caelum.
1422 1195 1425 1200 ·

77 1301 173 1365 adde
197 1322 228 1364 v.
253 1299 296 1364 32
320 1320 369 1382 sq.
402 1298 672 1384 (Mulciber)
702 1300 832 1366 hastam
864 1301 983 1365 dextra
1018 1308 1108 1364 tenet
1141 1334 1184 1348 --
1217 1295 1382 1362 Pallas
1416 1295 1582 1378 protraxit

78 1389 189 1468 oliva;
216 1389 219 1476 l
245 1389 310 1453 hoc
333 1399 547 1455 steterat
570 1388 683 1473 genio,
708 1388 803 1472 cet.¹)

271 1519 309 1583 cf.
337 1520 435 1582 etiam
460 1517 526 1585 Sid.
551 1539 578 1585 c.
601 1515 647 1599 Π,
671 1517 736 1583 348
764 1517 858 1582 »hinc
883 1515 1055 1582 Vandalus
1078 1515 1184 1579 hostis
1209 1522 1308 1596 urget
1331 1522 1398 1578 et«.

196 1643 250 1708 Ex
273 1645 438 1725 utriusque
457 1643 520 1707 loci
534 1641 711 1708 collatione
725 1641 835 1725 liquet
859 1644 1028 1707 enuntiata
1042 1659 1209 1724 vocesque
1233 1640 1307 1703 huic
1324 1637 1435 1721 illique
1460 1646 1581 1719 poetae

83 1751 281 1798 communes
316 1753 391 1797 esse
426 1732 516 1798 velut
555 1731 713 1808 »Pallas«,
756 1732 962 1797 ›Volcanus‹
1005 1729 1206 1816 (Mulciber),
1250 1740 1385 1793 »contra
1425 1723 1580 1809 aegida«,

88 1819 313 1888 »iaculabilis«
340 1819 526 1907 (iaculator)
551 1821 591 1884 al.
639 1821 770 1904 Quibus
794 1823 946 1886 omnibus
970 1820 1133 1885 subtiliter
1157 1815 1332 1902 perpensis
1357 1817 1485 1898 optimo
1510 1813 1581 1878 iure

84 1913 292 1977 contendere
317 1931 495 1994 possumus
519 1911 749 1993 Apollinarem
773 1913 804 1975 in
827 1922 900 1977 tota
923 1911 977 1974 illa
999 1910 1221 1992 explicatione
1244 1928 1310 1971 non
1334 1915 1464 1971 tantum
1488 1904 1583 1970 Clau·

83 2003 175 2067 diani
198 2021 313 2065 verum
338 2003 436 2066 etiam
460 2002 591 2066 Horatii
614 2003 848 2066 auctoritatem
872 2020 947 2065 esse
970 2009 1130 2067 secutum.

194 2147 353 2210 Eiusdem
378 2143 582 2227 epithalamii
606 2143 756 2210 Polemio
781 2156 814 2211 et
839 2144 1026 2209 Araneolae
1059 2145 1137 2208 dicti
1160 2161 1276 2206 versus
1311 2140 1411 2224 paulo
1445 2138 1582 2204 inferius

80 2247 266 2320 sequentes
290 2234 347 2316 (52
371 2233 458 2319 sqq.)

270 2364 449 2443 ...quod
474 2362 598 2425 musica
623 2362 780 2426 mundum

271 2462 435 2532 temperet
459 2461 494 2515 et
517 2453 614 2516 certis
638 2462 835 2515 concentum
859 2451 977 2515 reddat
1000 2450 1043 2515 ab
1067 2449 1172 2529 astris,
1197 2446 1201 2534 l
1227 2451 1398 2531 signaque,

85 2582 229 2731 fortaspp
258 2598 301 2641 ex
324 2578 454 2642 Horatii
486 2575 578 2641 fonte
610 2587 842 2656 manaverunt;
878 2576 1103 2660 componendi
1139 2586 1214 2640 sunt
1248 2575 1329 2639 Hor.
1366 2573 1461 2654 epist.
1496 2567 1524 2653 Ι,
1560 2569 1581 2634 6

84 2688 172 2735 vers.
243 2687 291 2750 sq.

370 2793 456 2855 hunc
479 2790 584 2855 solem
609 2804 643 2857 et
667 2791 846 2858 stellas
869 2805 903 2858 et
927 2793 1122 2857 decedentia
1145 2791 1299 2856 certis

368 2892 520 2963 tempora
544 2883 721 2946 momentis
746 2936 753 2949 .
779 2931 817 2948 ..

84 3013 161 3074 dein
186 3009 267 3075 Hor.
291 3008 388 3090 epist.
411 3005 438 3084 I,
467 3007 506 3071 12
531 3027 561 3074 v.
589 3008 629 3073 16
653 3026 700 3091 sq.

463 3135 540 3213 quid
564 3145 729 3217 temperet
752 3155 883 3216 annum,

461 3222 576 3289 stellae
598 3235 719 3306 sponte
743 3244 803 3288 sua
827 3227 977 3289 iussaene
1001 3235 1175 3308 vagentur.

85 3354 171 3418 adde
196 3353 279 3422 Hor.
308 3351 401 3431 epist.
426 3347 473 3432 H,
497 3351 527 3424 2,
555 3348 617 3415 187

560 3515 672 3560 comes
697 3498 751 3578 qui
775 3507 940 3578 temperat
964 3507 1097 3563 astrum.

196 3642 406 3724 Quamquam
430 3642 462 3704 in
487 3642 589 3705 dubio
612 3641 862 3724 relinquendum
887 3651 947 3719 est,
972 3662 1050 3707 num
1082 3643 1144 3706 hos
1168 3642 1298 3705 Horatii
1329 3641 1421 3706 locos
1445 3640 1580 3724 Apolli-

89 3730 176 3793 naris
199 3735 231 3795 in
254 3733 494 3814 componendis
510 3730 572 3795 illis
595 3731 747 3797 versibus
764 3730 958 3796 memoriter
981 3730 1163 3810 retinuerit,
1180 3743 1293 3797 tamen
1318 3734 1394 3812 quia
1409 3731 1442 3795 hi
1465 3752 1581 3796 versus

90 3822 237 3884 nondum
260 3839 335 3883 cum
358 3819 493 3886 alterius
518 3831 640 3902 poetae
663 3821 772 3885 verbis
797 3821 907 3884 collati
931 3823 1042 3905 sunt,¹l
1073 3839 1159 3904 quae
1189 3821 1243 3886 ille
1274 3832 1425 3903 spectare
1456 3819 1581 3903 potuit,

89 3907 262 3972 Sidonium
293 3910 370 3973 illud
401 3910 578 3975 verborum
615 3931 720 3993 genus
752 3912 794 3975 ab
832 3911 972 3974 Horatio
1004 3912 1214 3992 usurpavisse
1248 3931 1357 3994 prope
1389 3913 1432 3976 ad
1466 3930 1581 3976 verum

89 4000 226 4064 accedit.
250 4035 293 4044 -

196 4123 416 4190 Imitationem
440 4125 666 4203 Sidonianam
693 4145 779 4207 quae
803 4136 892 4192 certe
918 4128 1076 4191 maiorem
1102 4127 1204 4192 habet
1227 4127 1334 4203 fidem,
1360 4128 1580 4210 deprehendi·

88 4234 162 4278 mus
186 4215 218 4277 in
242 4213 389 4280 carmine
413 4217 455 4281 ad
472 4216 631 4280 Faustum
657 4215 854 4299 episcopum
878 4215 994 4295 misso,
1018 4215 1075 4280 ubi
1100 4215 1139 4302 (c.
1156 4216 1250 4291 XVI,
1275 4239 1306 4280 v.
1327 4215 1390 4281 106
1414 4218 1501 4300 sqq.)
1525 4216 1582 4280 hic

88 4314 190 4386 poeta
226 4303 332 4369 simili
368 4303 471 4370 utitur
505 4304 744 4371 sententiarum
780 4326 911 4369 conexu
947 4315 1048 4388 atque
1083 4304 1226 4389 scriptor
1259 4305 1469 4384 Venusinus3
1506 4316 1582 4370 sunt

89 4405 199 4458 autem
224 4395 324 4460 verba
347 4396 447 4459 haec:

411 4585 449 4604 ..
475 4589 482 4604 .
507 4538 631 4622 vixque
656 4538 725 4604 otia
749 4539 858 4605 somni

411 4627 471 4692 vix
494 4639 608 4694 coctos
632 4640 767 4712 capture
791 4629 886 4695 cibos
910 4627 1096 4696 abstemius
1120 4648 1238 4693 aevum

410 4717 505 4783 ducis
529 4731 562 4784 et
585 4716 721 4783 insertis
745 4731 808 4785 cet.

200 4857 222 4926 ¹)
242 4861 281 4911 Cl.
302 4863 378 4912 etiam
398 4859 451 4913 Sid.
472 4879 493 4913 c.
515 4865 560 4919 Vl.
581 4861 613 4914 27
646 4865 805 4922 „Enceladus
825 4866 895 4929 patri
922 4865 1049 4915 iacuit
1079 4866 1203 4931 fratrique
1223 4867 1391 4932 Typhoeus'‘.
1421 4866 1465 4930 qui
1495 4882 1581 4917 versus

92 4933 123 4981 ad
144 4932 252 4982 eundem
274 4933 369 4984 iontem
390 4932 477 4986 redire
498 4935 609 4990 videtur.

200 5017 219 5086 ²)
239 5023 324 5072 Pauca
352 5025 427 5081 enim.
454 5039 586 5090 perpauca
614 5031 672 5074 sunt
700 5025 726 5074 in
746 5026 848 5076 Sidonii
879 5026 1043 5081 carminibus.
1070 5043 1135 5092 quae
1154 5028 1226 5077 illius
1245 5027 1382 5093 scriptoris
1404 5029 1509 5092 ingenio
1532 5029 1582 5078 im·

92 5100 182 5160 putare
201 5095 356 5160 debeamus;
378 5097 411 5146 oi.
432 5097 539 5147 Carolus
562 5097 681 5162 Purgold.
703 5098 874 5163 Archaeolog.
894 5099 1009 5148 Bemerk.
1037 5114 1068 5149 zu
1087 5099 1168 5150 Claud
1197 5115 1221 5152 u.
1241 5099 1327 5150 Sidon.
1348 5115 1406 5165 pag.
1428 5099 1488 5151 114.
