3876 5604
963 402 1139 466 ..18-

313 631 315 636 '
410 617 470 679 His
504 615 628 684 Sidonii
651 619 760 682 verbis
785 627 898 680 contra
922 617 1003 680 Luc.
1030 616 1234 698 Muellerum,
1261 619 1314 699 qui
1339 617 1466 681 Horatii
1489 637 1588 681 carm.
1615 615 1657 681 V.
1680 632 1795 678 versus

304 701 436 770 25-28
459 709 590 790 »utique
615 705 712 771 obelo
737 708 919 772 notandos«
948 726 1021 770 esse
1046 709 1185 772 coniecit
1209 706 1273 789 (ed.
1298 706 1352 773 alt.
1377 728 1408 789 p.
1433 707 1476 770 43
1501 703 1571 791 sq),
1598 717 1795 788 argumento

304 805 357 860 sat
381 795 475 860 flrmo
500 818 579 862 usus
602 798 776 864 defendam
793 797 891 877 idque
916 816 958 859 eo
977 798 1119 877 gravius,
1145 817 1211 878 quo
1235 796 1390 863 illustrior
1413 796 1593 878 reperietur
1617 796 1796 860 Sidoniana

303 884 398 948 huius
421 885 485 949 loci
509 887 658 953 imitatio,

411 1010 585 1078 Praeterea
616 1013 726 1075 Flacci
759 1033 890 1077 versum
922 1014 1087 1093 quendam
1121 1032 1381 1077 commemorare
1405 1011 1511 1086 liceat,
1544 1031 1609 1092 quo
1645 1012 1796 1091 quamvis

304 1098 457 1166 Sidonius
481 1121 547 1165 non
565 1103 743 1167 dictionem
761 1104 867 1184 ipsam
892 1103 934 1166 ab
951 1101 1090 1167 Horatio
1109 1113 1276 1167 mutuatus
1300 1103 1351 1181 sit,
1377 1112 1488 1167 tamen
1505 1101 1548 1163 ad
1571 1099 1654 1163 illius
1672 1109 1795 1182 poetae

303 1190 494 1255 imitationis
518 1211 624 1273 genus
650 1191 766 1256 saltem
791 1190 916 1272 aliquid
940 1189 1115 1257 adferetur.
1141 1192 1229 1256 Dicit
1254 1193 1339 1255 enirn
1363 1191 1520 1255 Horatius
1544 1191 1576 1251 in
1601 1210 1627 1254 c.
1652 1188 1719 1254 ὃν.
1739 1189 1790 1264 19,

303 1280 358 1344 ubi
381 1281 519 1361 piratica
544 1284 708 1346 exstincta
733 1292 765 1346 et
789 1302 871 1362 pace
895 1283 1047 1346 restituta
1071 1301 1157 1344 nova
1181 1293 1333 1363 tempora
1358 1280 1527 1362 explicat:

688 1420 861 1493 »pacatum
885 1411 1023 1476 volitant
1045 1430 1106 1493 per
1129 1429 1221 1472 mare
1244 1411 1407 1487 navitae«,

303 1538 393 1601 cuius
417 1535 480 1599 loci
504 1533 655 1600 Sidonius
680 1538 870 1602 recordatus
896 1557 967 1600 esse
991 1537 1100 1619 potuit
1124 1537 1154 1599 in
1179 1557 1206 1603 c.
1230 1533 1358 1614 XXIII,
1381 1553 1411 1598 v.
1438 1533 1502 1598 258
1528 1554 1600 1614 sqq.

385 1681 557 1748 confestim
585 1683 697 1764 posito
721 1681 828 1746 surore
851 1682 966 1748 Martis
1083 1683 1197 1766 plenas
1230 1683 1393 1746 mercibus
1431 1682 1562 1747 institor
1594 1683 1720 1746 carinas

387 1783 466 1855 post
490 1775 627 1857 piratica
651 1774 770 1837 damna
787 1775 967 1838 destinaret
1083 1784 1117 1837 et
1140 1785 1256 1854 perte
1281 1773 1365 1836 bene
1389 1792 1472 1853 pace
1496 1773 1647 1836 restituta
1682 1824 1687 1835 .
1714 1827 1720 1839 .

304 1916 357 1982 Of.
382 1921 481 1984 etiam
506 1920 587 1982 Hor.
612 1939 638 1984 c.
664 1916 728 1997 ΙΙΙ,
752 1920 781 1992 7,
805 1917 843 2000 3;
868 1918 890 1994 Ι,
916 1918 968 1993 31,
997 1918 1054 1996 12;
1078 1918 1121 1982 ΙΙΙ
1145 1918 1197 1995 29,
1223 1920 1275 1985 60.

413 2046 517 2109 Porro
542 2047 653 2127 imago
675 2043 730 2106 illa
754 2047 881 2127 patriae
905 2044 1019 2108 dolore
1037 2046 1196 2122 adiectae,
1223 2067 1306 2127 quae
1322 2047 1482 2128 reperitur
1505 2049 1593 2128 apud
1623 2045 1792 2110 Sidonium

232 2168 235 2174 ,
307 2137 415 2216 (epist.
452 2133 511 2209 ΙΙΙ,
549 2134 645 2208 125
680 2155 709 2199 ν.
747 2137 779 2216 8)
819 2137 1015 2199 »maerentis
1051 2138 1177 2216 patriae
1214 2141 1287 2198 sinu
1325 2148 1496 2218 receptus«
1536 2171 1573 2182 -
1608 2137 1701 2202 simil.
1725 2136 1793 2199 Sid.

307 2245 359 2308 ep.
383 2221 429 2295 ΙΙ,
455 2224 485 2307 8,
510 2223 531 2287 3
554 2245 584 2288 ν.
608 2223 627 2287 3
652 2219 758 2288 flentis
791 2225 917 2306 patriae
950 2243 1066 2286 manus
1100 2226 1267 2289 locarunt«
1295 2262 1333 2272 —
1362 2246 1407 2287 ex
1431 2226 1550 2289 eodem
1575 2227 1703 2290 Horatii
1727 2247 1792 2288 car·

305 2314 392 2377 mine
416 2313 551 2376 fluxisse
584 2316 703 2394 potuit,
736 2315 892 2396 quoniam
925 2313 1007 2376 haec
1031 2314 1152 2396 imago,
1185 2317 1273 2394 quod
1309 2317 1462 2395 equidem
1486 2317 1598 2396 sciam,
1623 2314 1664 2377 ab
1689 2315 1793 2380 altero

306 2416 409 2485 poeta
433 2403 587 2466 Romano
619 2423 684 2465 non
718 2414 769 2467 est
801 2415 967 2484 usurpata.
1015 2401 1173 2466 Conleras
1207 2405 1305 2468 velim
1337 2407 1546 2486 potissimum
1579 2406 1658 2468 Hor.
1683 2424 1711 2469 c.
1735 2403 1792 2484 IV,

310 2497 340 2568 ὅ,
370 2491 410 2557 15
435 2513 484 2576 sq.
509 2493 697 2556 »desideriis
722 2493 851 2557 icta-
877 2494 1004 2574 quaerit
1027 2497 1133 2574 patria
1156 2495 1366 2558 Caesarem«.

410 2620 481 2700 Jam
519 2639 599 2682 vero
638 2618 875 2700 perlustremus
917 2620 1105 2685 imitationis
1145 2617 1343 2684 Sidonianae
1382 2632 1588 2703 argumenta,
1628 2641 1712 2702 quae
1751 2623 1791 2685 ad

306 2709 436 2774 Horatii
467 2729 565 2774 carrn.
599 2709 656 2784 lv,
682 2709 701 2772 2
727 2719 887 2790 spectant.
934 2708 1096 2773 'Pacemus
1130 2711 1241 2775 autem
1273 2712 1314 2774 de
1348 2709 1403 2773 illo
1439 2710 1607 2792 exemplo,
1640 2712 1731 2774 cuius
1761 2713 1792 2774 in

303 2797 414 2881 priore
438 2799 532 2862 huius
557 2796 760 2881 quaestionis
784 2810 878 2880 parte
903 2796 995 2880 (pag,
1021 2798 1109 2863 VIlI
1134 2800 1194 2883 sq.)
1221 2803 1380 2865 rationem
1405 2800 1588 2878 habuimus
1613 2803 1673 2865 rati
1696 2821 1791 2882 argu·

305 2889 499 2954 mentationi
523 2899 655 2953 nostrae
680 2888 763 2951 haec
787 2887 962 2952 suffectura
986 2908 1060 2953 esse
1085 2892 1294 2965 documenta,
1320 2911 1405 2970 quae
1431 2890 1686 2971 subsequuntur.

416 3016 570 3078 Carmine
594 3013 694 3096 igitur
717 3012 751 3076 in
776 3015 831 3077 illo
857 3017 1030 3080 Horatium
1064 3017 1106 3079 de
1130 3013 1263 3080 Pindari
1287 3016 1503 3100 grandiloqua
1528 3017 1669 3081 dictione
1693 3027 1792 3098 atque

306 3125 367 3168 sua
393 3106 494 3187 ipsius
519 3105 682 3168 scribendi
712 3104 934 3169 imbecillitate
959 3105 1161 3169 mentionem
1179 3106 1284 3169 iacere
1309 3108 1395 3171 haud
1419 3107 1609 3188 ignoramus
1623 3127 1630 3184 ;
1656 3107 1792 3169 similem

305 3197 337 3257 in
373 3197 571 3259 sententiam
605 3195 773 3259 conditum
815 3207 865 3259 est
889 3196 968 3260 Hor.
1004 3215 1030 3259 c.
1054 3193 1081 3268 Ι,
1112 3195 1142 3268 6,
1179 3197 1220 3258 ad
1254 3216 1393 3276 quorum
1428 3197 1605 3259 carminum
1640 3195 1792 3277 exempla

304 3283 425 3348 Sollius
460 3282 722 3347 coni'ormavisse
747 3285 877 3350 videtur
900 3288 997 3366 epist.
1022 3285 1079 3358 ΙΧ,
1106 3286 1156 3362 15,
1183 3288 1199 3349 1
1225 3305 1323 3349 carm.
1348 3288 1462 3351 intext.
1486 3306 1569 3349 vers.
1596 3285 1637 3350 15
1661 3306 1732 3366 sqq.

412 3411 528 3492 Atque
552 3413 694 3492 primurn
720 3412 800 3475 Hor.
823 3430 850 3473 c.
876 3408 933 3491 lV,
958 3411 988 3487 2,
1015 3408 1057 3474 23
1083 3431 1154 3492 sqq.
1178 3412 1275 3476 dicit:

383 3587 386 3594 .
465 3535 725 3622 (Pindarus)
750 3559 859 3602 mores
884 3583 891 3599 .
918 3589 925 3602 .
951 3586 957 3602 .
983 3538 1092 3602 educit
1116 3538 1159 3600 in
1184 3550 1311 3602 astra
1338 3539 1499 3620 nigroque
1526 3535 1529 3624 l
1555 3537 1678 3601 invidet
1703 3537 1790 3600 Orco

553 3627 654 3692 multa
677 3626 856 3694 Dircaeum
879 3627 969 3692 levat
991 3647 1069 3690 aura
1093 3647 1234 3710 cycnum

463 3727 508 3781 te
521 3718 575 3780 nd
588 3718 598 3778 i
609 3727 633 3796 t,
658 3717 794 3794 Antoni,
820 3739 843 3800 q
856 3739 876 3780 u
888 3726 936 3783 ot
947 3720 957 3779 i
970 3737 988 3780 e
1001 3738 1022 3780 n
1035 3737 1050 3780 s
1074 3719 1107 3780 in
1130 3717 1216 3781 altos
1239 3726 1370 3782 tractus.

307 3843 415 3925 Quem
439 3846 482 3909 ad
506 3846 616 3909 locum
640 3845 799 3910 adlusisse
824 3848 942 3929 opinor
964 3844 1131 3910 Sidonium
1156 3845 1187 3906 in
1212 3865 1241 3910 v.
1268 3842 1309 3909 25
1333 3863 1404 3924 sqq.

626 3994 647 4054 q
660 3994 680 4035 u
693 3994 714 4035 o
724 3973 757 4037 ti
771 3993 789 4034 e
803 3993 849 4036 ns
863 3995 885 4055 q
898 3993 946 4037 ue
968 3973 1070 4036 verba
1094 3969 1195 4034 Graia
1218 3971 1446 4035 carminaverit

624 4059 845 4126 tenuisse
869 4064 957 4126 celsa
980 4064 1109 4126 iunctus
1133 4071 1267 4125 astra
1291 4061 1509 4136 Pindaro;

306 4169 352 4236 Ci.
375 4189 406 4234 v.
430 4168 471 4234 31
497 4188 568 4251 sqq.

418 4299 572 4363 Sidonius
597 4294 760 4360 hocloco
784 4293 961 4360 Horatium
988 4317 1053 4360 non
1084 4305 1198 4378 aperte
1222 4297 1338 4360 imitari
1363 4297 1422 4360 sed
1448 4295 1628 4360 Horatiana
1651 4295 1792 4375 quadarn

312 4389 565 4462 reminiscentia,
603 4397 638 4451 ut
673 4386 897 4450 Tertullianeo
936 4387 1000 4449 hoc
1032 4385 1196 4449 vocabulo
1232 4398 1313 4467 utar,
1358 4387 1534 4466 temperari
1567 4386 1706 4461 videtur,
1740 4383 1794 4462 qui

307 4477 442 4541 mirifica
467 4478 592 4542 ratione
616 4477 717 4540 verba
742 4477 905 4559 quaedam
929 4475 1014 4540 illius
1038 4475 1101 4539 loci
1127 4473 1301 4540 Horatiani
1325 4473 1359 4538 in
1383 4493 1478 4538 usum
1502 4494 1596 4536 suum
1622 4474 1794 4536 convertit.

416 4619 468 4683 De
503 4620 624 4702 ingenii
658 4623 707 4683 sui
742 4619 902 4703 languore
933 4622 1035 4684 verba
1068 4620 1147 4687 iacit
1170 4622 1327 4685 Horatius
1351 4622 1382 4684 in
1406 4640 1433 4684 c.
1458 4621 1515 4695 IV,
1540 4619 1570 4696 2,
1593 4638 1622 4683 v.
1647 4616 1688 4681 27
1722 4635 1793 4698 sqq.

306 4711 384 4790 (ego
414 4712 486 4791 apis
509 4711 654 4774 Matinae
678 4758 686 4774 .
709 4759 717 4775 .
740 4760 748 4776 .
772 4713 794 4791 )‚
828 4710 920 4776 simil.
944 4710 1010 4777 Sid.
1035 4732 1061 4777 c.
1086 4711 1106 4775 l.
1130 4732 1161 4774 v.
1187 4710 1230 4776 50
1262 4729 1334 4793 sqq.
1369 4714 1445 4792 (ego
1470 4710 1569 4773 corde
1594 4718 1627 4773 et
1651 4727 1708 4770 ore
1732 4756 1739 4772 .
1764 4709 1784 4786 .)

309 4800 367 4862 Ad
392 4800 474 4862 Hor.
499 4820 526 4864 c.
550 4797 576 4875 Ι,
602 4800 622 4868 6
646 4801 800 4865 videntur
824 4820 862 4863 ea
886 4801 1060 4883 pertinere,
1087 4820 1170 4882 quae
1200 4802 1394 4881 conscripsit
1417 4799 1483 4862 Sid.
1509 4820 1535 4864 c.
1558 4797 1577 4860 l.
1603 4818 1631 4861 v.
1658 4797 1699 4861 15
1723 4815 1793 4876 sqq.

314 4888 430 4970 »Quae
447 4899 632 4969 temperare
647 4891 705 4952 vix
721 4891 809 4955 valet
824 4890 993 4972 gregarius
1009 4888 1012 4975 Ι
1029 4901 1139 4973 poeta,
1157 4903 1192 4954 ut
1207 4893 1278 4971 ipse
1294 4891 1399 4953 cernis
1416 4909 1490 4952 esse
1507 4887 1643 4952 Sollium
1658 4907 1686 4949 e.
1700 4905 1730 4968 q.
1746 4907 1790 4952 s.‹

309 4978 467 5041 Horatius
505 4980 591 5040 enirn
625 4980 703 5043 dicit
726 5000 754 5043 c.
789 4978 812 5062 l,
836 4981 868 5062 6,
894 4984 913 5043 5
938 4999 1009 5062 sqq.
1044 4980 1126 5056 Nos,
1156 4980 1321 5061 Agrippa,
1358 4998 1419 5041 nec
1450 4980 1531 5040 haec
1563 4977 1671 5040 dicere
1695 5024 1702 5040 .
1726 5024 1732 5039 .
1756 5023 1793 5038 ..

311 5085 481 5140 conamur,
508 5078 626 5130 tenues
650 5071 795 5148 grandia,
821 5089 848 5134 e.
873 5089 902 5152 q.
928 5089 952 5135 s.
977 5105 1019 5114 —
1044 5069 1134 5133 Toro
1158 5071 1293 5131 sanein
1318 5068 1372 5130 illo
1397 5067 1519 5130 Sidonii
1543 5069 1685 5129 carmine
1705 5062 1794 5126 locos

310 5157 510 5234 invenimus,
545 5156 663 5238 quibus
697 5161 882 5222 sententiae
915 5170 1048 5222 exstant
1077 5159 1287 5232 Horatianae,
1321 5171 1429 5222 tamen
1465 5158 1506 5220 de
1535 5157 1715 5220 imitatione
1739 5154 1794 5215 vix
