3876 5604
928 327 1037 417 ..156
1060 385 1103 400 .-

273 566 333 632 Sid
369 589 420 650 ep.
446 567 503 642 lV,
540 567 569 642 1,
602 569 624 632 3
653 567 769 630 incude
795 566 959 631 formatus.

271 783 340 847 Sid.
381 784 486 864 epist..
514 781 567 856 lv,
618 779 667 856 12,
715 781 736 843 2
770 780 960 861 tantamque

316 872 419 935 mihi
475 870 607 935 bilem
664 868 769 936 nuntii
826 870 960 933 huiusce

319 963 534 1026 contrarietas
558 957 791 1026 excitavit.

272 1103 366 1168 *Sid
392 1123 443 1184 ep.
468 1101 529 1180 IV,
555 1103 608 1185 22,
633 1104 653 1167 6
676 1114 760 1170 extr.
783 1121 960 1165 venena·

315 1205 524 1260 tomorsu
548 1212 670 1258 secere.
733 1199 745 1250 ’.
860 1215 861 1220 ’

274 1333 370 1400 *Sia
395 1355 446 1417 ep.
469 1315 531 1416 IV,
556 1332 608 1409 23,
634 1331 872 1416 211ορ1111
896 1335 961 1398 du-

316 1425 405 1487 rior
429 1425 527 1486 duras
551 1433 608 1486 aut
632 1470 638 1484 .
665 1475 671 1488 .
696 1443 900 1505 perseveras,

273 1611 340 1701 Sid.
381 1659 432 1720 ep.
472 1635 532 1711 IV,
571 1637 624 1718 23,
663 1637 684 1700 3
720 1658 819 1720 quam
857 1636 962 1701 laetus

316 1728 439 1791 orietur
462 1724 524 1790 tibi
548 1725 631 1793 dies.

272 1867 364 1934 *Sid
388 1889 444 1950 ep.
466 1866 526 1944 IV,
552 1868 605 1944 24,
630 1870 650 1934 3
675 1881 756 1935 extr.
781 1867 811 1932 si
833 1871 909 1951 quid
928 1867 962 1933 in

316 1958 396 2021 cibis
431 1956 561 2023 unctius
574 1956 594 2040 ¹)
627 1957 746 2040 (Geisl.
782 1961 813 2021 in
852 1958 962 2041 Luetj.

319 2046 370 2109 ed.
396 2067 427 2128 p.
452 2045 544 2129 365).

274 2186 340 2252 Sid.
379 2207 430 2267 ep.
469 2187 511 2266 V,
550 2188 581 2263 4,
626 2187 656 2263 2,
696 2199 779 2255 extr.
817 2189 975 2252 offensae·

318 2275 654 2341 amaritudinem
688 2276 798 2358 politis
822 2277 964 2341 assati·

318 2366 395 2429 bus
419 2363 604 2429 dulcare.

276 2575 342 2644 Sid.
369 2600 419 2660 cp.
434 2580 475 2654 V,
504 2579 555 2659 lu,
577 2579 608 2656 2,
623 2579 964 2661 praetervolan-

319 2669 388 2733 tia
424 2671 572 2751 corporis
619 2671 965 2734 decoramenta

316 2760 534 2825 currentis
558 2757 656 2822 aevi
681 2810 688 2822 .
714 2807 721 2822 .
746 2759 926 2823 labascunt.

275 2970 431 3037 Sidonius
471 2970 568 3054 epist.
607 2973 649 3048 V,
685 2973 725 3036 12
760 2971 808 3036 111
831 2971 962 3054 incipit:

319 3063 408 3162 quod
456 3060 562 3126 rarius
606 3063 648 3126 ad
695 3082 755 3124 vos
802 3083 820 3124 a
866 3060 964 3125 nobis

320 3171 445 3234 pagina
470 3162 558 3216 meat
583 3201 590 3214 .
615 3203 621 3215 .
647 3198 652 3217 .

277 3295 342 3359 Sid.
383 3315 433 3376 ep.
471 3295 513 3368 V,
554 3295 605 3370 16,
644 3295 664 3356 2
702 3291 805 3357 armis
843 3295 965 3375 pariter

318 3402 466 3448 summus
504 3383 676 3464 Augustus
711 3403 749 3446 ac
782 3384 927 3446 moribus
940 3382 964 3467 ²)

273 3597 339 3662 Sid.
372 3617 423 3679 ep.
461 3598 502 3672 V,
539 3603 588 3673 17,
625 3598 852 3679 5praetcrea,
875 3600 965 3680 quod

319 3688 556 3762 beatissimum,
582 3686 670 3748 nulla
687 3685 813 3750 mentio
837 3690 879 3751 de
904 3710 963 3770 po·

318 3777 495 3841 testatibus
532 3787 589 3839 aut
624 3776 666 3838 de
689 3773 833 3848 tributis,
859 3776 965 3839 nullus

319 3884 428 3930 sermo
452 3862 510 3948 qui
532 3865 728 3948 proderetur
744 3911 751 3928 .
767 3885 799 3951 ,3
823 3865 965 3928 fabulam

320 3966 410 4020 certe
445 3954 561 4017 referre
597 3954 731 4036 dignam
766 3955 868 4019 relatu
893 3959 966 4037 dig-

310 4041 437 4126 'nisque
471 4044 641 4107 sententiis
665 4045 803 4127 quisque
839 4048 966 4126 potuis-

321 4145 380 4200 set.

275 4275 360 4343 *bid
385 4296 435 4357 ep.
461 4273 521 4359 VI,
547 4276 581 4358 8,
617 4274 630 4336 l
666 4287 747 4340 extr.
777 4275 862 4339 bene
895 4295 965 4338 cre-

319 4364 402 4429 dulis
426 4361 464 4428 E.
482 4362 611 4428 Geisier
633 4365 752 4447 (Luetj.
771 4366 821 4428 ed.
839 4386 871 4446 p.
890 4365 965 4446 368)

319 4473 519 4536 componere
542 4453 613 4518 vult

1069 568 1148 632 Hor.
1172 575 1231 632 art.
1257 587 1289 647 p.
1314 589 1335 631 v
1369 565 1568 632 attinendi
1591 577 1763 645 tornatos;

1113 655 1211 740 (adde
1229 656 1301 724 ¹Sid.
1323 678 1376 739 ep.
1400 654 1462 735 IX,
1489 656 1540 734 13,
1565 655 1609 742 2).

1068 782 1148 847 Hor.
1173 779 1269 863 epist.
1293 779 1320 857 Ι,
1359 784 1410 857 19,
1449 781 1489 845 19
1514 801 1563 863 sq.
1599 793 1635 847 11
1658 783 1762 849 mihi

1113 890 1214 952 saepe
1251 871 1384 935 bilem
1418 923 1424 934 .
1457 925 1463 937 .
1498 891 1673 935 movere
1713 884 1765 937 tu-

1113 959 1286 1026 multus.

1069 1103 1151 1168 Hor.
1173 1103 1268 1185 epist.
1291 1101 1319 1180 I,
1347 1103 1387 1167 14
1411 1124 1440 1172 v.
1464 1105 1507 1170 38
1531 1125 1766 1188 morsuque

1109 1201 1305 1258 venenat.
1331 1190 1444 1278 (Geisl.
1471 1195 1549 1262 diss.
1574 1216 1607 1279 p.
1635 1196 1695 1275 13.)

1069 1332 1150 1400 Hor.
1174 1354 1201 1400 c.
1226 1330 1290 1409 ΙΙΙ,
1325 1338 1343 1398 7
1368 1355 1397 1400 v.
1422 1336 1463 1400 21
1489 1357 1539 1418 sp.
1565 1337 1766 1421 scopulis

1113 1422 1291 1498 surdior
1315 1472 1322 1488 .
1349 1474 1356 1486 .
1380 1423 1471 1490 audit
1494 1426 1603 1490 adhuc
1627 1427 1767 1509 integer.

1112 1510 1194 1592 (vid.
1218 1511 1318 1579 Geisl.
1343 1515 1375 1575 in
1397 1513 1503 1596 Luetj.
1523 1512 1604 1582 edit.
1623 1537 1657 1598 p.
1674 1513 1767 1603 365).

1070 1636 1148 1698 Hor.
1184 1647 1244 1701 sat.
1276 1638 1300 1713 l,
1341 1639 1370 1711 5,
1404 1637 1446 1702 39
1482 1651 1616 1720 postera
1642 1640 1767 1722 lux(=

1114 1724 1197 1812 dies)
1222 1725 1328 1798 oritur
1352 1729 1456 1791 multo
1481 1727 1684 1810 gratissima.

1070 1869 1150 1934 Hor.
1175 1887 1226 1949 ep.
1250 1865 1274 1950 Ι,
1311 1851 1362 1951 lb,
1395 1868 1438 1932 44
1463 1891 1577 1934 verum
1603 1870 1659 1936 ubi
1684 1871 1767 1954 quid

1114 1953 1229 2126 reqplirlrp
1242 1955 1407 2126 gonfitqngit
1421 1969 1455 2023 et
1466 1958 1600 2024 unctius
1615 1960 1666 2040 (cs.
1684 1962 1766 2027 Hor.

1071 2187 1151 2249 Hor.
1191 2188 1287 2268 epod.
1334 2184 1421 2250 XIII
1460 2207 1542 2252 vers.
1581 2201 1664 2255 extr.
1703 2191 1764 2255 illic

1115 2295 1212 2338 omne
1259 2277 1467 2340 malum.
1506 2326 1512 2339 .
1550 2277 1745 2364 levatol

1116 2363 1271 2428 deformis
1294 2363 1523 2446 aegrimoniae
1560 2367 1762 2433 dulcibus

1116 2452 1378 2536 adloquiis,

1071 2579 1151 2644 Hor.
1176 2599 1275 2644 carm.
1299 2577 1341 2658 II,
1369 2579 1419 2655 11,
1445 2580 1465 2643 4
1490 2600 1562 2665 sqq.
1580 2603 1640 2645 nec
1664 2587 1770 2666 trepi-

1117 2671 1177 2734 des
1200 2668 1234 2732 in
1259 2689 1351 2732 usum
1380 2667 1384 2753 )
1413 2670 1644 2750 poscentis
1666 2675 1767 2738 aevi

1116 2779 1235 2840 pauca:
1272 2771 1391 2823 retro
1423 2759 1540 2842 fugit
1567 2764 1573 2840 Ι
1601 2761 1682 2825 levis
1715 2763 1768 2826 in-

1116 2858 1233 2912 ventas
1256 2860 1290 2912 et
1313 2850 1454 2915 decor.

1071 2972 1227 3038 Horatius
1251 2987 1310 3036 sat.
1335 2968 1376 3049 ΙΙ,
1411 2971 1431 3036 3
1456 2971 1504 3036 sic
1527 2974 1678 3042 incohat:
1711 2976 1765 3041 Sic

1117 3083 1191 3126 raro
1225 3061 1352 3144 scribis,
1390 3073 1425 3127 ut
1460 3073 1533 3128 toto
1557 3085 1623 3128 non
1648 3077 1761 3148 quater

1116 3172 1203 3215 anno
1226 3153 1451 3216 membranam
1480 3172 1610 3233 poscas.

1072 3296 1153 3360 Hor.
1186 3293 1283 3376 epist.
1317 3292 1362 3373 II,
1407 3295 1433 3378 1,
1467 3317 1497 3362 v.
1531 3298 1551 3359 2
1592 3317 1640 3360 res
1663 3295 1759 3361 ltalas

1115 3385 1211 3448 armis
1235 3387 1349 3449 tuteris
1386 3381 1443 3468 (sc.
1468 3384 1636 3470 Auguste)
1660 3387 1755 3450 mori·

1116 3474 1178 3537 bus
1203 3493 1309 3539 ornes.

1072 3598 1152 3664 Hor.
1176 3610 1236 3664 sat.
1260 3596 1305 3666 ΙΙ.
1330 3599 1361 3677 6,
1385 3598 1429 3663 70
1452 3619 1524 3683 sqq.
1544 3620 1626 3683 ergo
1652 3623 1760 3667 sermo

1117 3686 1221 3752 oritur
1254 3708 1320 3750 non
1359 3691 1401 3751 de
1439 3687 1527 3752 villis
1565 3692 1763 3757 domibusve

1116 3775 1231 3840 alienis
1270 3798 1340 3857 nec,
1380 3778 1464 3840 male
1503 3798 1606 3842 necne
1646 3782 1764 3865 Lepos

1117 3865 1214 3931 saltet
1249 3918 1256 3933 .
1297 3922 1302 3933 .
1341 3889 1348 3948 3
1388 3864 1524 3932 Cervius
1558 3868 1641 3932 haec
1680 3873 1765 3936 inter

1117 3955 1242 4019 vicinus
1255 3960 1356 4038 garrit
1376 3955 1480 4020 aniles
1501 3978 1543 4020 ex
1562 3978 1596 4020 re
1610 3958 1763 4042 fabellas;

1118 4047 1144 4108 si
1177 4044 1251 4130 quis
1283 4066 1358 4108 nam
1392 4045 1503 4110 laudat
1530 4098 1536 4132 ,
1563 4096 1569 4110 .
1596 4067 1691 4130 opes,
1715 4049 1765 4112 sic

1117 4133 1253 4218 incipit:
1277 4131 1391 4217 111113)
1416 4155 1443 4198 e.
1469 4152 1501 4216 q.
1526 4157 1552 4200 s.

1073 4296 1147 4340 cum
1163 4277 1248 4427 lHor.
1273 4298 1290 4340 c
1327 4275 1354 4355 I,
1379 4277 1431 4356 ll,
1456 4279 1476 4338 8
1501 4279 1669 4343 minimum
1694 4302 1764 4345 cre-

1118 4366 1160 4431 du
1175 4387 1204 4430 a.

383 4700 405 4773 ¹)
425 4706 497 4755 Hanc
519 4704 678 4756 locutionem
698 4705 724 4754 in
744 4707 871 4756 sermonis
891 4708 1017 4758 cotidiani
1036 4709 1246 4760 cousuetudinem
1265 4709 1350 4758 abisse
1369 4709 1498 4775 suspicor;
1531 4710 1566 4761 cf.
1587 4713 1650 4761 Hor.
1672 4718 1719 4762 art.
1736 4729 1763 4777 p.

275 4779 328 4827 422
348 4773 462 4841 (unctum
479 4770 522 4841 qui
541 4783 612 4826 recte
632 4791 728 4841 ponere
747 4774 852 4844 possit);
872 4778 948 4829 sirnil.
969 4784 1096 4830 nostrates
1115 4781 1141 4830 in
1160 4796 1276 4830 sermone
1296 4781 1424 4830 Germano
1447 4790 1544 4843 ,111111
1564 4783 1678 4848 Saltiges
1700 4783 1761 4850 (Ge-

276 4845 485 4909 schmalzenes)“.

383 4933 405 5003 ²)
424 4939 532 4988 Poetarn
551 4936 692 4987 Arvernum
712 4937 813 4988 initium
837 4939 936 5004 primae
956 4939 1084 5004 epistulae
1104 4942 1210 4991 alterius
1239 4942 1300 4990 libri
1331 4942 1468 4990 llorutiaui
1498 4944 1640 5006 exprimere
1669 4945 1762 4993 iterum

276 5023 305 5058 ac
326 5010 430 5074 saepius
450 5009 600 5059 docuimus.

380 5095 402 5158 8)
423 5099 463 5148 Ι)1
482 5099 530 5148 hac
550 5098 664 5147 clausula
683 5113 758 5163 supra
778 5099 914 5149 iniecimus
934 5101 1088 5150 mentionem
1107 5095 1144 5168 (v.
1164 5117 1226 5166 pag.
1258 5098 1311 5168 ⁶8).
