3876 5604
923 369 1099 433 ..42-

263 579 313 643 At
337 581 490 661 equidem
516 580 568 645 his
602 582 642 644 de
667 579 777 644 verbis
803 582 990 645 Horatianis
1014 593 1165 647 ornatum
1190 583 1354 664 quendam
1386 584 1515 648 dicendi
1539 585 1628 648 nullo
1654 585 1756 648 modo

266 671 429 733 extricare
473 687 559 752 queo
595 691 797 757 prorsusque
832 669 864 734 S.
898 671 1050 735 Teuffelii
1085 675 1284 737 sententiam
1328 675 1520 755 comprobo,
1553 673 1667 755 quiin
1693 674 1757 739 litt.

263 757 318 826 lat.
349 758 480 826 histor.⁵
512 780 544 841 p.
576 759 640 824 527
665 781 713 840 sq.
746 763 828 822 haec
863 762 1047 825 adnotavit:
1085 763 1155 824 Der
1178 761 1266 824 hohe
1290 761 1364 824 Ton
1387 763 1430 827 ist
1452 764 1541 827 nicht
1565 766 1625 828 des
1648 764 1757 826 Horat

263 847 391 926 Sache3
416 870 468 913 wo
493 869 528 911 er
552 849 606 912 ihn
631 851 810 924 austimmt,
840 845 910 914 l'allt
934 871 969 912 er
998 849 1100 915 leicht
1132 872 1190 913 aus
1222 851 1413 914 demselben
1447 852 1576 935 heraus,
1611 874 1648 916 so
1681 855 1758 918 dass

264 957 340 1001 man
367 937 555 1001 mauchmal
573 937 768 1002 zweifelhaft
791 937 844 1014 ist,
863 939 907 1001 ob
936 937 1008 1002 dies
1026 939 1118 1004 nicht
1135 943 1193 1003 mit
1210 942 1408 1004 bewusstem
1425 941 1553 1004 Humor
1577 942 1758 1025 geschicht.

263 1023 310 1090 So
335 1025 444 1110 klingt
468 1048 504 1090 es
527 1026 591 1091 wie
619 1026 802 1102 Travestie,
837 1049 930 1090 wenn
963 1027 998 1091 in
1031 1027 1121 1092 einer
1153 1027 1376 1112 sapphischen
1404 1028 1477 1092 Ode
1511 1051 1577 1094 von
1616 1041 1757 1096 »teretes

265 1137 382 1180 surae«
418 1119 469 1181 die
493 1117 588 1180 Rede
619 1119 661 1180 ist
692 1118 729 1199 (c.
759 1115 799 1191 Il,
832 1117 863 1195 4,
894 1115 949 1202 21)
982 1120 1063 1181 oder·
1091 1117 1126 1180 in
1155 1122 1245 1182 einer
1277 1117 1481 1182 alcaeischen
1511 1141 1577 1183 von
1619 1121 1756 1186 »olentis

266 1227 388 1276 uxores
420 1205 549 1270 mariti«
585 1206 623 1292 (c.
649 1204 675 1282 Ι,
697 1206 747 1284 17,
772 1207 802 1282 7,
829 1227 895 1287 quo
926 1209 967 1270 de
998 1208 1072 1270 loco
1104 1228 1291 1270 sermonem
1322 1208 1512 1291 habemus);
1544 1209 1758 1292 dergleichen

264 1293 596 1360 Geschmackslehler
620 1297 692 1359 sind
717 1294 772 1359 die
801 1295 946 1361 ›auritae
970 1317 1126 1377 quercus«
1165 1295 1204 1382 (c.
1229 1295 1252 1372 I,
1280 1297 1331 1373 12,
1358 1300 1397 1362 11
1423 1319 1483 1379 sq,
1518 1319 1617 1380 quem
1649 1299 1759 1363 locum

263 1384 405 1448 infmia
431 1405 570 1449 examen
603 1386 818 1472 vocabimus),
866 1387 910 1450 Et
934 1399 1023 1450 curte
1048 1385 1173 1449 ridiculi
1199 1386 1323 1468 aliquid
1346 1391 1431 1452 inest
1455 1393 1486 1451 in
1510 1388 1572 1451 hac
1596 1387 1758 1468 dictione,

263 1477 353 1539 cuius
395 1478 589 1538 memoriam
627 1477 743 1538 eadem
782 1479 824 1538 de
863 1478 988 1555 causa1)
1027 1475 1118 1539 firme
1161 1475 1364 1558 fideliterque
1408 1497 1607 1541 conservare
1647 1482 1759 1562 potuit

264 1563 422 1630 imitator.

374 1690 479 1756 Simili
504 1711 671 1754 excausa
695 1689 875 1755 derivanda
899 1702 950 1755 est
974 1693 1201 1774 interpretatio
1226 1692 1352 1755 illarum
1369 1692 1498 1757 Sidonii
1522 1693 1753 1768 imitationum,

266 1802 349 1864 quae
374 1771 528 1861 spectant
552 1783 593 1844 ad
617 1780 824 1844 illustrandas
850 1779 976 1861 Orphei
1008 1792 1094 1845 artes
1127 1785 1275 1846 musicas.
1328 1778 1419 1864 Quas
1443 1794 1544 1864 poeta
1569 1784 1759 1849 Venusinus

216 1897 219 1902 ¹
265 1892 364 1937 carm.
387 1869 415 1946 Ι,
443 1871 484 1935 12
509 1892 538 1934 v.
564 1871 583 1934 7
608 1891 681 1952 sqq.
705 1869 753 1934 ita
777 1873 942 1953 depingit:

358 1999 475 2064 ‚Unde
499 1997 556 2081 (ex
580 1997 722 2077 Haemo)
746 1995 896 2059 vocalem
920 2005 1044 2059 temere
1068 1994 1235 2060 insecutae
1264 1993 1267 2080 l
1295 1994 1431 2078 Orphea
1455 1995 1566 2072 silvae,

355 2098 424 2153 arte
449 2100 598 2151 materna
623 2086 756 2166 rapidos
781 2095 966 2148 morantem
983 2082 986 2170 l
1006 2085 1174 2148 fluminum
1189 2085 1301 2166 lapsus
1325 2087 1514 2170 celeresque
1538 2097 1666 2162 ventos

354 2176 512 2262 blandum
537 2187 570 2240 et
595 2178 716 2239 auritas
740 2172 858 2239 fidibus
883 2176 1012 2237 canoris
1039 2172 1041 2258 ξ
1068 2177 1187 2238 ducere
1212 2195 1383 2256 quercus«.

267 2279 376 2384 Quem
393 2300 525 2367 Horatii
549 2302 657 2364 locum
673 2300 714 2365 Ο.
732 2300 884 2363 Kellerus
909 2296 1041 2385 (epilog.
1066 2302 1107 2363 ad
1121 2301 1202 2364 Hor.
1228 2292 1339 2382 p.'·46)
1364 2300 1550 2383 comparari
1574 2302 1669 2367 iussit
1685 2323 1760 2366 cum

266 2390 392 2458 Sidonii
417 2412 513 2456 carm.
540 2389 586 2466 II,
611 2412 640 2454 v.
666 2391 706 2454 71
732 2409 819 2471 sqq„
845 2391 899 2452 ubi
924 2402 1058 2454 exstant
1081 2388 1116 2452 hi
1139 2411 1265 2454 versus:

589 2517 664 2596 »qui
688 2526 786 2578 cantu
811 2514 905 2579 flexit
928 2514 1084 2597 scopulos
1108 2513 1288 2597 digitisque
1312 2517 1439 2579 canoris

586 2603 749 2686 compulit
772 2602 895 2667 auritas
920 2606 961 2666 ad
991 2604 1152 2685 plectrum
1176 2625 1307 2668 currere
1331 2605 1439 2685 silvas,

587 2715 661 2757 cum
684 2703 810 2758 starent
834 2694 937 2757 Hebri
961 2693 1075 2758 latices
1100 2713 1261 2775 cursuque
1285 2696 1387 2776 ligato

587 2783 728 2846 fluminis
753 2782 888 2848 attoniti
912 2803 1043 2846 carmen
1069 2787 1175 2866 magis
1199 2783 1287 2847 unda
1311 2787 1445 2850 sitiret«

373 2932 501 2994 Doctus
537 2928 589 2992 ille
624 2931 672 2991 vir
708 2930 771 2992 hoc
806 2941 1002 3010 argumento
1038 2929 1218 2994 Sidoniano
1253 2943 1304 2995 sat
1340 2929 1433 2992 firmo
1470 2950 1548 2994 usus
1584 2929 1761 2994 lectionem

267 3023 422 3087 traditam
440 3019 581 3082 ›silvae‹
600 3030 715 3083 contra
740 3016 910 3086 (1111101111
934 3020 1138 3083 coniecturas
1162 3019 1331 3100 (»beluae‹
1358 3042 1382 3086 s.
1412 3018 1585 3103 acervam)
1602 3019 1760 3084 defendit.

267 3111 334 3175 Sed
374 3130 434 3172 nec
473 3109 503 3172 is
540 3130 601 3172 nec
639 3107 694 3170 alii
731 3109 800 3184 viri,
841 3107 898 3190 qui
933 3110 1024 3172 velut
1061 3111 1107 3172 M.
1141 3107 1296 3172 Hertzius
1330 3109 1428 3190 (anal.
1467 3107 1538 3175 crit.
1574 3110 1606 3172 V
1633 3130 1666 3191 p.
1695 3107 1760 3191 17),

267 3203 307 3264 Ε.
333 3198 497 3264 Geislerus
523 3201 612 3278 (diss.
636 3219 667 3278 p.
696 3198 759 3278 13,)
782 3197 908 3260 Kelleri
933 3197 1041 3261 locum
1066 3200 1209 3272 laudant,
1243 3221 1309 3280 quo
1333 3197 1455 3263 artiore
1480 3199 1611 3262 vinculo
1635 3197 1668 3260 hi
1693 3195 1761 3260 loci

267 3289 354 3355 inter
386 3309 423 3352 se
456 3291 575 3350 conexi
612 3297 733 3361 essent,
769 3289 961 3351 docuerunt.
1009 3287 1123 3370 Atque
1159 3286 1311 3351 Kellerus
1347 3287 1422 3369 ipse
1458 3300 1587 3353 tantum
1624 3284 1760 3352 Horatii

268 3379 472 3444 enuntiatum
498 3376 622 3441 »silvae
656 3388 778 3440 temere
810 3378 996 3440 insecutae«
1035 3398 1109 3440 cum
1133 3376 1227 3441 Sollii
1258 3376 1468 3442 hemistichio
1505 3378 1566 3440 »ad
1597 3374 1760 3460 plectrum

268 3488 396 3534 currere
429 3467 547 3530 silvas«
583 3468 624 3529 ad
656 3486 750 3528 usum
782 3486 877 3528 suum
909 3471 1104 3548 composuit.
1136 3466 1202 3530 Sed
1234 3470 1328 3548 plura
1362 3466 1592 3547 Apollinarem
1623 3466 1658 3529 in
1691 3486 1760 3529 rem

268 3579 361 3623 suam
384 3558 588 3622 transtulisse
612 3557 750 3621 invenio.
802 3557 978 3636 Perspicua
1002 3555 1137 3638 quidem
1162 3567 1273 3621 exstat
1296 3555 1475 3621 similitudo
1499 3559 1584 3620 inter
1608 3557 1761 3620 Sidonia-

269 3669 346 3712 num
377 3645 456 3711 illud
493 3644 690 3728 »digitisque
723 3643 853 3709 canoris
885 3681 928 3690 -
960 3649 1079 3709 auritas
1107 3666 1237 3709 currere
1261 3645 1378 3708 silvas«
1416 3657 1448 3710 et
1471 3645 1602 3711 Horatii
1634 3645 1760 3710 dictum

275 3750 328 3802 »et
351 3735 472 3801 fidibus
497 3737 634 3820 canoris·
651 3771 691 3782 —
717 3736 838 3798 auritas
863 3737 982 3798 ducere
1007 3754 1180 3816 quercus«,

375 3880 523 3945 Tametsi
547 3881 635 3960 apud
659 3879 834 3960 plerosque
861 3890 978 3961 poetas
1003 3882 1174 3942 Romanos
1206 3881 1247 3942 de
1271 3878 1400 3961 Orphei
1424 3879 1549 3942 artibus
1573 3878 1697 3944 mentio
1713 3875 1758 3954 fir,

268 3972 359 4036 velut
390 3971 478 4053 apud
504 3968 688 4051 Vergilium
721 3967 953 4051 Ovidiumque‚
987 3989 1125 4052 quorum
1158 3967 1390 4033 auctoritatem
1423 3965 1595 4032 Sidonium
1627 3965 1760 4050 saepius

271 4060 456 4145 respexisse
482 4059 570 4122 haud
588 4063 786 4140 ignoramus,
812 4070 923 4121 tamen
940 4057 1112 4121 Sidonium
1128 4059 1180 4121 hic
1198 4060 1407 4139 potissimum
1423 4059 1464 4120 ad
1482 4057 1593 4121 Flacci
1612 4055 1759 4140 vestigia

269 4173 343 4215 sese
366 4147 559 4213 adiunxisse
584 4146 835 4222 adfirmaverim,
861 4147 1020 4229 quoniam
1035 4150 1179 4229 primum
1196 4147 1318 4212 talibus
1333 4145 1420 4210 locis‘
1433 4145 1562 4210 illorum
1586 4159 1760 4228 poetarum

269 4237 428 4323 inspectis
463 4239 536 4300 illos
562 4238 698 4299 vocibus
721 4236 820 4300 variis
845 4240 985 4300 eandem
1017 4258 1087 4300 rem
1111 4249 1304 4319 persecutos
1329 4257 1401 4300 esse
1424 4234 1612 4319 intelleges,
1637 4235 1758 4301 deinde

270 4331 359 4412 quod
392 4349 436 4391 ex
475 4325 548 4390 aliis
592 4325 829 4390 imitationibus
864 4326 1050 4390 Sidonianis
1086 4329 1128 4392 ad
1169 4328 1308 4390 eandem
1340 4326 1469 4390 Horatii
1496 4324 1760 4408 explicationem

269 4417 483 4483 redeuntibus
506 4416 560 4478 illa
576 4434 709 4497 quoque
732 4418 833 4479 verba
850 4417 1038 4480 Horatianis
1063 4415 1230 4479 simillima
1255 4437 1299 4478 ex
1323 4417 1443 4479 eodem
1460 4415 1550 4480 fonte
1575 4416 1759 4479 manavisse

270 4509 456 4574 necessario
480 4507 637 4586 sequitur.
683 4505 842 4587 Legimus
867 4503 955 4568 enim
980 4508 1067 4586 apud
1092 4505 1265 4569 Sidonium
1288 4526 1315 4569 c.
1340 4503 1434 4581 XVI,
1460 4525 1489 4571 v.
1516 4525 1588 4588 sqq.

556 4647 777 4732 »Orpheaque
802 4660 835 4713 et
859 4647 992 4712 laticem
1017 4700 1023 4712 .
1047 4699 1054 4714 .
1078 4699 1085 4713 .

551 4737 787 4822 Ogygiamque
811 4739 940 4820 chelyn,
965 4760 1050 4822 quae
1073 4759 1154 4802 saxa
1179 4741 1331 4821 sequacia
1355 4739 1489 4806 flectens

550 4827 702 4892 cantibus
726 4827 852 4893 auritos
878 4829 985 4893 erexit
1009 4831 1154 4891 carmine
1178 4848 1322 4895 muros«.

270 4937 482 4947 ———--—--

378 4970 398 5040 ¹)
421 4975 477 5023 Hoc
498 4975 574 5038 plane
594 4975 733 5039 percipiet.
754 4974 840 5023 euicui
862 4975 979 5022 adriseril
1001 4954 1107 5024 Horatii
1127 4977 1188 5026 lllud
1210 4973 1261 5042 (ep.
1282 4979 1315 5039 ll,
1336 4975 1359 5040 1,
1376 4975 1427 5026 262
1447 4977 1510 5041 sq.):

675 5063 752 5112 discit
773 5064 839 5112 euim
861 5064 940 5118 citius
960 5061 1127 5134 tueminitque
1143 5063 1265 5116 libentius
1285 5067 1356 5124 illud,

675 5135 744 5199 quod
765 5135 822 5200 quis
841 5133 949 5190 deridet.
969 5148 1046 5199 quam
1068 5140 1136 5200 quod
1155 5141 1250 5202 probat
1271 5145 1297 5188 et
1317 5145 1458 5189 veneratur.
1560 5139 1562 5145 ’
