3876 5604
935 319 1105 386 ..23-

269 534 345 596 'Hac
380 539 454 599 c‘uni
492 538 677 600 narratione
714 548 909 617 comparare
945 533 1027 600 libet
1066 533 1192 599 Sidonii
1232 553 1357 609 versus,
1396 536 1449 616 qui
1484 534 1688 614 reperiuntur
1726 530 1759 593 in

271 642 298 687 c.
322 621 363 702 V,
392 623 455 687 122
479 643 526 707 sq.

552 731 602 797 sic
626 732 736 815 pretio
760 753 826 795 non
851 743 949 815 capta
972 730 1070 809 fides;
1096 743 1167 796 erat
1190 730 1258 808 ille,
1284 731 1373 812 quod
1398 729 1477 793 olim
1593 723 1597 732 ’

551 834 708 904 quaestor
731 821 938 899 consulibus.;
965 857 1006 883 -.-
1031 841 1133 902 porro
1156 820 1223 886 Sid.
1248 842 1274 886 c.
1300 819 1390 896 XVI,
1417 819 1458 885 75
1483 840 1533 901 sq.

660 998 667 1012 .
693 1000 700 1013 .
724 1002 730 1016 .
755 969 880 1012 merces
905 944 1083 1012 debebitur
1106 944 1165 1020 illi,

659 1036 714 1101 ille
738 1037 820 1116 tibi;
846 1035 889 1103 sit
911 1037 992 1116 laus,
1015 1034 1045 1099 si
1067 1034 1136 1099 labi
1160 1033 1275 1110 noluit,
1300 1032 1380 1102 eius

270 1140 321 1208 cf.
346 1139 418 1208 Sid.
441 1138 480 1229 Il,
504 1143 525 1207 8
553 1163 604 1223 sq.

687 1249 740 1314 cui
764 1251 883 1328 laurea,
903 1249 995 1334 Iane,
1022 1247 1025 1336 l
1051 1270 1157 1315 annua
1182 1251 1331 1318 debetur.

270 1369 338 1436 Iam
376 1371 611 1440 similitudines
646 1375 794 1440 locorum
826 1375 1021 1441 collatorum
1058 1373 1174 1456 paucis
1211 1396 1281 1438 sum
1318 1371 1561 1456 perstricturus.
1604 1375 1656 1436 De
1692 1371 1759 1437 Sid.

270 1481 297 1526 c.
322 1461 365 1544 V,
391 1483 420 1527 v.
447 1463 509 1527 122
534 1464 743 1541 disseremus,
778 1464 835 1529 ubi
859 1467 901 1530 de
926 1462 1112 1529 rationibus
1145 1467 1288 1529 metricis
1312 1463 1367 1528 liet
1391 1461 1527 1544 mentio,
1551 1483 1636 1546 quae
1669 1459 1756 1525 inter

268 1547 342 1613 illos
373 1561 491 1631 poetas
525 1549 752 1633 intercedunt;
792 1554 844 1617 hic
874 1564 985 1619 autem
1027 1551 1109 1618 satis
1151 1550 1283 1618 habebo
1318 1549 1548 1634 composuisse
1584 1549 1756 1615 enuntiata

272 1637 369 1701 »olim
392 1641 419 1703 si
443 1660 563 1723 praeco
587 1654 653 1723 aut,
678 1655 715 1706 ut
737 1641 799 1707 suit
822 1641 896 1725 ipse
913 1654 1064 1707 coactor«
1086 1652 1120 1706 et
1147 1655 1236 1707 »erat
1259 1641 1326 1718 ille,
1351 1642 1440 1722 quod
1458 1639 1548 1722 olim,
1567 1651 1756 1724 quaestor«.

210 1804 213 1810 1
269 1726 375 1792 Multa
399 1728 533 1810 gravior
556 1729 659 1794 altera
683 1742 733 1795 est
757 1729 912 1810 imitatio,
936 1752 1021 1812 quae
1051 1730 1086 1794 in
1109 1730 1220 1796 verbis
1246 1729 1377 1796 Sidonii
1405 1749 1550 1792 »merces
1581 1730 1756 1793 debebitur

268 1813 317 1879 illi
343 1813 348 1902 l
373 1815 418 1882 sit
441 1818 543 1893 laus«,
577 1818 698 1898 quibus
722 1819 893 1886 Arvernus
916 1819 971 1883 ille
994 1841 1060 1884 non
1084 1822 1185 1884 modo
1210 1820 1389 1884 luculenter
1412 1817 1535 1882 adlusit
1558 1822 1600 1882 ad
1625 1815 1755 1881 Horatii

268 1902 350 1968 illud
377 1906 467 1972 »laus
491 1905 540 1971 illi
570 1910 727 1974 debetur«
755 1930 828 1990 eq
864 1930 888 1984 s,
913 1929 1026 1973 verum
1060 1908 1161 1974 etiam
1194 1930 1237 1973 ex
1267 1911 1484 1972 antecedente
1518 1908 1626 1970 Flacci
1657 1928 1754 1970 versu

267 1994 465 2060 vocabulum
493 1999 700 2060 »mercedes«
729 1997 906 2080 decerpsit.

376 2121 513 2209 (Tertio,
530 2143 627 2206 quem
645 2123 751 2201 attuli,
767 2123 841 2188 loco
857 2122 1016 2189 Sidonius
1032 2122 1200 2206 geminum
1215 2125 1392 2186 verborum
1407 2132 1602 2186 concentum
1622 2119 1755 2182 »laurea

270 2212 321 2273 cui
345 2211 503 2277 debetur«
530 2217 687 2295 proponit
710 2225 810 2296 atque
826 2214 963 2277 Flaccus
991 2213 1079 2276 »laus
1096 2211 1144 2275 illi
1160 2212 1330 2284 debetur«,
1361 2232 1461 2294 quam
1485 2211 1753 2274 observationem

270 2320 331 2381 pro
356 2299 447 2364 Sollii
471 2301 620 2367 imitandi
645 2307 746 2367 modo
769 2323 838 2366 non
862 2301 1030 2385 opinionis
1055 2313 1278 2366 commentum
1302 2302 1511 2384 designatum
1535 2298 1574 2362 iri
1598 2296 1754 2383 confido).

373 2424 412 2489 In
438 2428 554 2491 eadem
578 2428 689 2513 satira,
715 2449 812 2511 quam
841 2439 1029 2507 tractamus
1061 2427 1222 2493 Horatius
1255 2428 1337 2492 haec
1371 2429 1561 2510 pronuntiat
1593 2429 1634 2492 dc
1660 2448 1754 2492 sena·

266 2515 392 2581 toribus
415 2518 456 2596 (v.
480 2517 522 2581 27
547 2515 633 2603 sqq.)

425 2662 502 2705 nam
527 2653 562 2707 ut
585 2641 726 2726 quisque
749 2645 881 2707 insanus
906 2645 1007 2726 nigris
1031 2643 1178 2707 medium
1202 2641 1354 2725 impediit
1377 2663 1449 2706 crus

428 2732 569 2814 pellibus
594 2743 627 2797 et
650 2733 752 2797 latum
777 2735 907 2798 demisit
931 2746 1067 2816 pectore
1091 2735 1229 2809 clavum,
1256 2731 1260 2820 l
1286 2735 1377 2798 audit
1400 2733 1556 2797 continuo
1579 2781 1587 2797 .
1614 2788 1619 2800 ,
1657 2783 1664 2816 ,

266 2854 485 2937 quibuscum
510 2857 660 2922 versibus
691 2879 756 2923 non
779 2857 915 2942 pigebit
938 2879 1131 2942 comparare
1154 2858 1212 2923 Sid
1247 2880 1273 2927 c.
1298 2860 1340 2938 V,
1366 2857 1430 2922 243
1455 2877 1526 2940 sqq.

586 2982 734 3049 strictius
758 2997 889 3049 assutae
914 2995 1025 3051 vestes
1049 3006 1187 3067 procera
1211 2985 1390 3050 cohercent

585 3075 732 3138 membra
755 3063 870 3149 virum',
894 3084 987 3157 patet
1010 3075 1061 3138 his
1085 3074 1188 3140 altato
1212 3073 1362 3158 tegmine
1387 3074 1514 3157 poples,

578 3161 665 3227 latus
688 3173 722 3227 et
745 3176 918 3243 angustam
943 3166 1113 3245 suspendit
1135 3164 1264 3230 balteus
1287 3163 1422 3246 alvuml)

266 3285 341 3367 Qua
373 3287 405 3347 in
440 3285 662 3369 descriptione
686 3287 865 3364 Sidonium,
895 3287 920 3352 si
949 3289 1001 3352 hic
1029 3308 1064 3351 re
1097 3309 1175 3352 vera
1197 3285 1329 3352 Horatii
1362 3285 1593 3351 auctoritatem
1618 3297 1751 3350 secutus

265 3386 325 3450 est,
351 3375 541 3460 exemplum
566 3396 659 3440 suum
685 3377 790 3459 magis
814 3377 1013 3442 aemulatum
1046 3398 1146 3458 quam
1169 3381 1331 3442 imitatum
1356 3397 1428 3440 esse
1453 3387 1549 3457 put0;
1574 3378 1751 3458 praecipue

264 3465 419 3529 intuearis
455 3483 580 3546 quaeso
615 3465 740 3528 Sidonii
776 3469 978 3530 enuntiatum
1021 3465 1183 3532 »strictius
1218 3479 1328 3530 vestes
1362 3466 1539 3529 cohercent
1569 3467 1748 3539 membra«,

264 3554 353 3636 quod
394 3554 567 3617 oriundum
606 3573 679 3618 esse
719 3555 803 3619 duco
842 3555 885 3618 ab
924 3554 1056 3620 Horatii
1090 3557 1179 3621 dIcto
1221 3557 1376 3638 »quisque
1412 3593 1455 3601 —
1491 3553 1643 3637 impediit
1677 3574 1750 3617 crus

264 3641 437 3724 pellibus«,
1523 3663 1526 3668 ¹

371 3767 476 3833 Porro
499 3789 565 3832 non
589 3767 730 3832 alienum
755 3789 826 3834 esee
851 3766 982 3836 videtur
1004 3769 1135 3834 Sidonii
1160 3793 1186 3838 c.
1212 3769 1326 3836 XXIII
1349 3792 1480 3836 versum
1504 3770 1569 3834 442

697 3914 773 3958 »seu
797 3893 931 3959 delubra
955 3896 1007 3959 dei
1031 3895 1171 3961 colenda
1195 3899 1308 3960 nobis«

266 4019 386 4084 referre
410 4019 454 4083 ad
477 4018 572 4084 huius
595 4019 714 4084 satirae
738 4021 939 4086 Horatianae
964 4022 1153 4104 exemplum
1178 4022 1221 4108 (v.
1246 4022 1290 4088 34
1314 4027 1376 4106 sq.)

649 4143 734 4208 »sibi
758 4166 853 4210 curae
877 4183 920 4194 -
944 4146 1014 4210 lore
1037 4149 1175 4213 delubra
1199 4151 1367 4216 deorum«.

268 4265 425 4349 Denique
449 4267 595 4333 locorum
619 4269 682 4333 huc
713 4274 976 4335 revocandorum
999 4273 1196 4356 integritatis
1219 4278 1324 4358 gratia
1349 4313 1392 4322 -
1416 4287 1577 4360 quatenus
1601 4279 1748 4340 nimirum

265 4357 320 4421 tali
337 4358 370 4420 in
385 4359 578 4440 quaestione
596 4358 768 4441 integritas
785 4362 931 4444 contingi
943 4373 1055 4444 potest
1071 4399 1115 4412 —-
1131 4365 1239 4428 locum
1255 4366 1411 4444 adferam,
1428 4386 1526 4449 quem
1543 4381 1673 4448 praeter
1697 4388 1749 4430 me

264 4445 389 4510 Savaro
414 4444 519 4530 (edit.²
552 4469 584 4529 p.
613 4449 666 4531 18)
691 4448 807 4531 aliique
834 4452 894 4514 viri
922 4449 956 4514 in
982 4451 1088 4516 lucem
1115 4455 1327 4535 protulerunt,
1362 4458 1436 4520 dico
1470 4456 1537 4521 Sid.
1566 4477 1594 4522 c,
1618 4456 1655 4531 Il,
1683 4455 1749 4520 204

436 4560 883 4640 innumerabilibus
919 4576 1191 4660 legionibus
1226 4581 1575 4663 imperitabant

262 4713 346 4778 quae
369 4693 492 4761 locutio
516 4715 695 4780 versusque
719 4711 881 4766 structura
905 4704 1028 4770 directa
1053 4708 1169 4771 estad
1194 4708 1274 4771 Hor.
1300 4719 1361 4774 sat.
1378 4705 1403 4783 I,
1429 4707 1458 4786 6,
1484 4729 1513 4773 v.
1537 4709 1559 4771 4

461 4820 539 4886 olim
563 4825 824 4907 quimagnis
860 4828 1149 4912 legionibus
1179 4835 1542 4914 -imperitarent

370 4961 390 5032 ¹)
411 4966 450 5016 ct.
481 4967 533 5017 Sid.
554 4984 576 5018 e.
607 4969 663 5024 vll,
683 4967 734 5022 456
754 4989 792 5038 sq.
814 4975 927 5027 ..altatae
946 4992 1028 5027 suarm
1049 4977 1130 5041 pelles
1154 4975 1197 5044 (cl.
1217 4979 1279 5031 lior.
1300 4979 1316 5026 l.
1337 4993 1358 5026 c.
1381 4991 1403 5028 V.
1425 4975 1478 5045 28),
1507 4996 1537 5030 ac
1557 4983 1658 5048 poplite
1678 4987 1745 5036 nudo

213 5043 217 5050 '
260 5053 385 5104 peronem
405 5054 502 5105 pauper
521 5041 601 5092 uorlus
621 5043 754 5110 suspendit
776 5045 914 5113 equinum,
935 5048 980 5099 ubi
1000 5049 1159 5114 Apollinaris
1179 5050 1321 5116 suiipsius
1342 5051 1454 5101 aemulus
1474 5052 1585 5105 videtur.
