3876 5604
808 303 988 372 ..13-

152 517 250 594 Haud
285 515 488 584 dissimiliter
516 519 673 583 Horatius
705 518 870 582 Teucrum
901 537 920 581 a
944 529 1037 600 patre
1056 517 1245 602 expulsum
1270 515 1381 582 socios
1420 513 1646 586 sollicitudine

153 605 303 672 adiectos
327 606 553 672 consolantem
577 604 674 690 fingit
697 626 797 674 carm.
821 605 906 672 laud.
929 628 959 673 v.
985 607 1028 674 25
1052 627 1127 692 sqq.

367 773 371 780 ·
470 769 536 832 quo
561 770 622 814 nos
646 769 786 829 cumque
810 749 892 815 seret
917 750 1034 814 melior
1058 751 1188 818 fortuna
1212 761 1349 836 parente
1420 784 1424 791 ·
1508 781 1512 788 ·

472 837 602 915 ibimus,
629 860 650 902 o
673 837 758 903 socii
783 837 1003 922 comitesque!

471 925 528 990 Nil
553 929 797 1010 desperandum
822 929 953 992 Teucro
979 931 1062 993 duce
1087 979 1093 992 .
1120 977 1128 994 .
1155 979 1161 994 .

149 1073 295 1138 Notatur
319 1070 491 1154 utriusque
515 1069 581 1134 loci
605 1091 786 1137 consensus
804 1074 922 1137 eodem
948 1070 1112 1137 orationis
1136 1071 1236 1137 initio
1253 1074 1494 1154 verborumque
1518 1070 1644 1136 colore.

147 1160 281 1226 Sidonii
305 1159 442 1243 quidam
467 1160 614 1225 editores
638 1163 680 1224 ad
704 1181 801 1228 carm.
825 1159 871 1244 ΙΙ,
896 1163 962 1227 476
986 1163 1148 1226 adnotant
1182 1160 1365 1227 dictionem
1405 1160 1457 1224 ›in
1480 1159 1643 1225 bimarem

149 1249 367 1325 Corinthon«,
392 1270 491 1326 quam
515 1249 564 1313 ibi
587 1249 742 1332 legimus,
767 1249 976 1314 referendam
1001 1271 1075 1314 esse
1099 1253 1141 1314 ad
1163 1251 1244 1316 Hor.
1269 1272 1295 1318 0,
1318 1253 1345 1326 Ι,
1371 1249 1391 1313 7
1415 1273 1444 1316 v.
1470 1251 1489 1314 2
1518 1248 1646 1314 »bima-

148 1339 236 1403 risve
261 1336 448 1414 Corinthie,
476 1359 573 1422 quam
597 1337 818 1404 imitationem
843 1339 952 1421 primo
975 1342 1094 1405 obtutu
1118 1352 1243 1406 certam
1268 1360 1341 1404 esse
1364 1340 1526 1404 crederes.
1547 1374 1548 1377 ¹
1578 1335 1645 1402 Sed

149 1449 225 1491 cum
263 1427 354 1493 idem
393 1426 546 1493 Corinthi
582 1428 669 1493 urbis
703 1427 879 1510 epitheton
914 1428 1015 1494 etiam
1054 1428 1251 1494 exhibeatur
1285 1430 1328 1492 ab
1364 1427 1501 1504 Ouidio,
1541 1446 1641 1509 quem

149 1527 287 1598 poetam
320 1516 407 1580 haud
442 1515 611 1599 ignoravit
645 1515 864 1599 Apollinaris,
899 1516 984 1580 hanc
1019 1517 1200 1582 dictionem
1236 1515 1339 1583 etiam
1376 1539 1420 1580 ex
1455 1514 1514 1580 illo
1551 1517 1641 1580 sonte

150 1627 283 1670 manare
308 1604 459 1688 potuisse
483 1605 578 1670 facile
602 1607 774 1674 concedes.
824 1608 884 1686 (Cf.
909 1605 997 1670 enim
1029 1627 1059 1673 v.
1082 1607 1162 1674 Met.
1192 1608 1234 1680 V,
1264 1606 1342 1686 407;
1363 1607 1440 1682 sim.
1473 1607 1551 1671 Met.
1575 1606 1639 1683 VI,
1697 1663 1700 1669 .

150 1693 242 1780 419.)
266 1696 424 1760 Paeterea
447 1696 511 1759 huc
535 1715 728 1760 revocemus
753 1692 824 1760 Sid.
841 1717 893 1778 ep.
919 1693 976 1770 lX,
1005 1696 1057 1776 13,
1083 1700 1101 1760 5
1125 1717 1155 1762 v.
1172 1695 1216 1761 68
1239 1714 1312 1779 sqq.
1340 1693 1477 1758 »bimari
1492 1693 1642 1760 remittat

150 1785 230 1848 urhe
256 1837 262 1849 .
286 1836 292 1849 .
317 1839 323 1850 .
349 1783 587 1880 Corinthusq)

256 1926 523 2010 Diligentissime
547 1927 723 1993 Sidonium
748 1926 882 1993 Horatii
915 1941 978 1993 sat.
1002 1926 1041 2005 ll,
1068 1932 1085 1994 1
1110 1927 1236 2011 legisse
1267 1949 1367 2012 supra
1398 1943 1639 1992 commemora·

149 2014 266 2083 vimus.
312 2017 507 2101 Aliquoties
543 2029 678 2099 poetam
715 2015 808 2081 illum
841 2015 874 2080 in
910 2016 1112 2082 carminibus
1146 2016 1293 2100 exempli
1325 2016 1376 2082 sui
1410 2015 1644 2082 auctoritatem

150 2105 356 2187 spectavisse
381 2118 494 2188 potest
518 2105 702 2180 observari,
727 2103 860 2172 etiamsi
896 2117 1099 2189 argumenta,
1126 2127 1210 2189 quae
1247 2106 1303 2171 hic
1327 2105 1546 2188 reperiuntur,
1576 2125 1644 2168 non

149 2193 304 2259 universa
327 2197 371 2260 ad
394 2197 660 2277 persuadendum
685 2194 753 2260 sint
776 2197 1039 2261 accommodata.
1065 2194 1195 2278 Quibus
1219 2197 1260 2260 de
1285 2193 1394 2260 causis
1419 2216 1472 2259 res
1498 2205 1643 2258 'summa-

149 2283 211 2347 tim
236 2284 450 2367 expositurus
467 2306 546 2350 sum.
571 2286 727 2349 Horatius
751 2281 854 2367 igitur
870 2284 943 2370 (sat.
966 2285 1004 2364 Il,
1031 2289 1098 2350 lv.
1125 2284 1166 2349 13
1191 2282 1276 2370 sqq.)
1293 2282 1376 2350 dicit
1399 2286 1441 2347 ad
1463 2285 1636 2348 ›doctum‹

151 2373 345 2438 Trebatium
369 2375 468 2438 haec:

472 2547 480 2566 .
506 2551 513 2564 .
539 2549 546 2564 .
571 2519 679 2581 neque
702 2498 790 2564 enim
815 2498 926 2583 quivis
950 2499 1120 2566 horrentia
1143 2496 1223 2583 pilis

471 2588 607 2671 agmina
631 2609 690 2652 nec
714 2589 800 2654 lacta
823 2600 1001 2672 pereuntes
1025 2587 1163 2671 cuspide
1187 2589 1300 2668 Gallos

471 2688 527 2743 aut
551 2677 692 2742 labentis
717 2696 803 2761 equo
827 2677 986 2745 describit
1008 2679 1144 2743 vulnera
1169 2677 1293 2744 Parthi.

151 2819 246 2900 Quos
270 2841 386 2885 versus
409 2820 581 2905 usurpavit
603 2821 762 2887 Sidonius
794 2821 827 2886 in
852 2825 996 2888 carmine
1030 2822 1097 2900 1110,
1124 2843 1189 2907 quo
1225 2823 1448 2886 emolumenta
1483 2819 1576 2901 pacis
1600 2839 1641 2882 ac

150 2907 230 2973 belli
253 2907 412 2974 victorias
436 2911 621 2976 Anthemio
646 2923 804 2995 regnante
829 2925 941 2997 partas
965 2911 1184 2988 coucelebrat,
1209 2932 1235 2978 c.
1258 2910 1304 2987 ΙΙ,
1328 2932 1359 2974 v.
1383 2910 1448 2976 310
1473 2929 1544 2993 sqq.
1569 2963 1576 2976 .
1600 2956 1608 2974 .
1636 2956 1643 2973 .

149 3019 215 3061 non
239 3010 291 3063 est
315 3002 415 3063 modo
440 2999 550 3066 dicere
574 3012 707 3085 tempus

469 3144 622 3226 Pythona
646 3143 849 3210 exstinctum
872 3167 934 3209 nec
956 3144 1009 3210 bis
1033 3156 1174 3227 septena
1198 3164 1316 3208 sonare

470 3234 605 3297 vulnera
628 3232 860 3314 Tantalidum

150 3371 195 3435 Hi
225 3394 340 3438 versus
364 3372 478 3438 idonei
503 3387 587 3459 sunt,
611 3374 731 3459 quibus
756 3377 867 3443 studia
890 3377 978 3443 illius
1002 3375 1183 3443 imitatoris
1210 3374 1307 3440 novis
1339 3388 1508 3459 tamquam
1534 3371 1642 3438 radiis
1675 3429 1677 3434 ,

150 3461 362 3528 illustrentur.
408 3464 490 3528 Loci
515 3464 604 3528 enim
627 3465 799 3549 utriusque
822 3468 967 3532 auctoris
990 3465 1039 3532 ita
1066 3465 1155 3531 inter
1178 3486 1252 3530 sese
1276 3463 1459 3549 comparati
1484 3474 1570 3540 sunt,
1605 3474 1642 3527 ut

152 3563 184 3616 et
207 3564 313 3618 toturn
339 3553 473 3618 Horatii
497 3553 631 3618 dicendi
664 3576 769 3637 genus
794 3558 837 3620 ab
860 3557 1056 3640 Apollinare
1089 3561 1285 3638 expressum
1321 3554 1493 3619 videamus
1518 3564 1551 3618 et
1575 3554 1639 3616 sin·

150 3642 243 3722 gulas
267 3641 461 3707 locutiones.
494 3642 584 3725 Quid
609 3643 715 3708 enim?
749 3647 867 3710 Nonne
892 3658 970 3728 apte
994 3657 1212 3728 componetur
1236 3643 1441 3709 enuntiatum
1468 3642 1642 3724 »Pythona

153 3729 373 3795 exstinctum«
401 3753 475 3795 cum
503 3731 637 3796 »Gallos
661 3746 854 3816 pereuntes«
883 3748 916 3801 et
940 3733 1196 3816 comprehensio
1233 3753 1368 3798 »500010
1393 3731 1530 3796 vulnera
1554 3729 1640 3794 Tan-

151 3816 307 3883 talidum«
335 3840 408 3882 cum
436 3821 614 3888 »describit
637 3825 773 3888 vulnera
796 3823 951 3890 Parthie?
990 3825 1100 3900 Adde,
1126 3825 1214 3905 quod
1240 3834 1273 3889 et
1295 3823 1433 3886 Flaccus
1458 3830 1492 3887 et
1515 3817 1639 3883 Sollius

152 3905 224 3970 11105
249 3929 300 3972 105
325 3909 511 3973 describere
535 3932 601 3975 000
625 3911 711 3979 vult!

252 4053 324 4134 Jam
349 4064 555 4117 transeamus
589 4056 631 4119 ad
655 4056 735 4123 Hor.
767 4077 866 4120 carm.
892 4057 1011 4121 librum
1036 4067 1195 4140 quartum,
1232 4055 1289 4119 ubi
1322 4076 1454 4119 carmen
1488 4063 1641 4135 quartum

150 4139 252 4204 Drusi
275 4141 420 4205 Neronis
453 4143 593 4223 hymnus
617 4155 678 4220 est,
716 4143 809 4210 cuius
843 4147 1002 4211 Sidonius
1036 4145 1237 4229 compluries
1269 4144 1396 4211 excitat
1428 4141 1637 4210 memoriam.

150 4230 292 4313 Legitur
317 4230 405 4296 enim
429 4234 517 4314 apud
541 4233 718 4299 Horatium
742 4255 768 4302 c.
793 4235 851 4316 IV,
876 4236 896 4299 4
924 4239 963 4301 17
988 4256 1061 4318 sqq.

310 4361 421 4424 videre
446 4360 546 4426 Raeti
569 4362 654 4426 bella
677 4364 738 4429 sub
762 4361 908 4444 Alpibus
934 4360 938 4448 Ι
964 4364 1107 4426 Drusum
1133 4372 1303 4444 gerentem
1327 4356 1506 4435 Vindelici,
1540 4419 1543 4424 .

310 4449 429 4530 quibus
458 4449 461 4536 1
487 4472 559 4514 1005
583 4454 669 4516 unde
694 4454 853 4517 deductus
877 4473 937 4533 per
961 4473 1057 4516 omne
1084 4449 1086 4538 1
1112 4462 1276 4532 tempus.
1302 4499 1309 4517 .

152 4593 244 4674 Quos
267 4616 381 4658 versus
406 4616 471 4658 non
494 4606 632 4678 propter
655 4615 762 4658 rerum
786 4593 1040 4660 similitudinem
1063 4596 1123 4658 sed
1146 4606 1284 4677 propter
1307 4590 1512 4657 locutionum
1537 4608 1639 4670 quan·

152 4687 227 4746 dam
263 4681 545 4764 conspirationem
578 4687 818 4767 comparandos
852 4705 926 4748 esse
957 4704 1077 4748 censeo
1112 4703 1186 4752 cum
1221 4682 1290 4750 Sid.
1325 4704 1351 4750 c.
1387 4681 1429 4756 V,
1466 4679 1531 4744 373
1567 4699 1639 4762 sqq.

155 4771 411 4838 ‚conscenderat
435 4774 541 4855 Alpes

151 4882 362 4890 ---———

259 4913 276 4978 ¹)
299 4920 356 4969 Vox
375 4926 462 4968 auteur
481 4920 526 4968 illa
547 4935 593 4968 000
612 4918 716 4969 11010111
737 4924 774 4968 051
794 4934 841 4967 000
861 4917 979 4984 Nasonis,
998 4919 1043 4968 sed
1065 4920 1229 4968 Graecorum.
1259 4917 1292 4966 ci.
1322 4915 1500 4978 exemplorum
1522 4911 1640 4962 collecti·

151 5005 233 5052 onem,
253 5005 328 5052 quum
348 5007 440 5054 conges
456 4991 477 5039 it
494 4992 523 5041 F..
543 4990 692 5048 Thallsvitz‚
712 4991 743 5039 de
764 4989 874 5039 Horatio
895 4992 1051 5042 Graecorum
1066 4990 1207 5054 imitatore,
1220 5005 1294 5054 spec.
1309 4987 1383 5052 prius
1413 4985 1542 5036 Doebelni
1562 4985 1640 5040 1874.

149 5077 174 5127 p.
194 5063 237 5113 21.
