3876 5604
885 349 1063 416 ..35-

334 557 421 623 Tota
444 569 554 624 autem
578 558 633 624 illa
658 565 837 648 descriptio
862 574 954 629 certe
979 565 1098 629 idonea
1121 575 1182 646 est,
1207 587 1272 647 qua
1296 566 1391 631 nobis
1415 586 1496 632 ansa
1520 566 1719 649 praebeatur

124 691 127 698 .
228 647 269 710 ad
292 650 559 730 cognoscendam
582 660 682 736 atque
706 655 914 720 iudicandam
948 653 1043 718 huius
1076 655 1245 738 scriptoris
1280 655 1425 721 indolem
1457 654 1637 739 poeticam,
1662 655 1717 722 vel

229 737 255 799 si
278 738 391 813 mavis,
415 739 562 804 imitandi
587 757 694 808 artem
720 754 821 826 atque
849 741 1040 811 sollertiam.

335 861 402 927 Sed
437 875 473 929 ut
506 869 568 932 artl
603 870 733 946 criticae
768 879 918 934 succurat
953 869 1035 935 haec
1075 870 1237 951 quaestio,
1268 888 1381 935 verum
1416 868 1539 934 vidisse
1577 870 1720 935 arbitror

227 949 486 1110 {lescelelrfflllill
509 976 574 1128 silli
609 958 640 1021 in
675 957 800 1022 Sidonii
835 959 1040 1042 panegyrico
1074 959 1301 1024 Anthemiano
1335 961 1383 1025 ita
1425 959 1602 1043 legendum
1640 980 1716 1024 esse

483 1153 579 1219 ludus
602 1167 674 1224 erat
696 1177 846 1239 puero
870 1167 981 1242 raptas
1004 1176 1049 1221 ex
1072 1157 1186 1222 hostes
1210 1154 1431 1240 sagittas

483 1242 602 1310 festina
626 1256 770 1312 tractare
791 1267 888 1312 manu
911 1258 1094 1330 captosque
1119 1265 1179 1330 per
1202 1266 1344 1310 arcus

484 1383 490 1396 .
514 1386 521 1401 .
545 1383 553 1400 .
577 1333 611 1398 in
634 1356 756 1400 cornua
780 1339 985 1401 tendere
1009 1356 1138 1402 nervos

227 1455 446 1521 Buechelerus
485 1460 571 1524 enim
609 1460 819 1527 scribendum
856 1481 930 1527 esse
968 1460 1112 1526 coniecit
1154 1463 1346 1544 »tenderem
1385 1460 1517 1526 codices
1555 1459 1717 1528 exhibent

226 1541 422 1628 scripturam
465 1551 633 1614 ›trudere‹
676 1566 806 1634 praeter
842 1553 915 1616 cod.
955 1551 1158 1615 Marcianum
1193 1549 1267 1629 554,
1307 1571 1374 1633 quo
1407 1570 1600 1634 perversum
1635 1548 1716 1616 illud

230 1635 383 1700 ›rudere‹
423 1638 609 1719 praebetur.
655 1641 722 1706 Sed
758 1652 793 1707 ut
828 1642 1089 1724 praetermittam
1123 1638 1318 1704 Buecheleri
1351 1638 1576 1705 coniecturam
1610 1639 1715 1705 multo

226 1724 339 1790 melius
362 1724 397 1789 in
421 1738 526 1793 totam
551 1729 634 1794 illius
658 1729 722 1794 loci
747 1729 947 1797 sententiam
972 1729 1132 1813 quadrare
1160 1730 1311 1794 -haud
1343 1741 1467 1794 temere
1490 1728 1714 1794 Buechelerus

226 1815 358 1894 quidem
382 1827 511 1882 textum
536 1818 652 1885 statuit
677 1821 803 1884 variare
827 1857 871 1868 --
894 1821 1014 1884 deinde
1038 1819 1175 1901 nequid
1198 1819 1305 1883 dicam
1329 1820 1370 1882 de
1394 1818 1478 1883 illius
1501 1817 1715 1884 coniecturae

225 1901 414 1986 integritate
459 1929 498 1970 ac
537 1929 643 1992 prope
682 1912 789 1975 dicam
835 1908 1041 1993 blanditiis¹),
1081 1921 1221 1993 augetur
1267 1921 1366 1991 atque
1405 1906 1617 1973 confirmatur
1656 1909 1715 1971 viri

225 1991 451 2059 litteratissimi
498 1996 663 2078 opinionis
702 1998 876 2081 probilitas
914 2019 965 2077 eo,
1010 1999 1101 2081 quod
1146 1996 1352 2080 Apollinaris
1399 1999 1431 2059 in
1479 1996 1714 2079 perscribenda

224 2079 287 2144 hac
325 2083 513 2152 narratione
553 2087 714 2152 Venusini
753 2100 875 2172 poetae
912 2088 1021 2153 locum
1061 2090 1219 2151 memoria
1254 2085 1451 2170 complexus
1492 2097 1552 2162 est,
1592 2106 1612 2148 a
1647 2108 1715 2169 quo

224 2173 431 2252 potissimum
456 2175 519 2239 loci
545 2175 713 2241 Sidoniani
738 2175 836 2261 origo
860 2180 1010 2243 ducenda
1034 2179 1172 2258 videtur,
1194 2175 1272 2242 dico
1296 2196 1395 2242 carm.
1419 2174 1445 2253 Ι,
1471 2175 1525 2258 29,
1549 2178 1616 2242 v.'l
1640 2196 1714 2259 sqq.

597 2323 711 2384 puer
734 2303 807 2386 quis
831 2324 875 2367 ex
899 2303 974 2367 aula
1000 2351 1072 2368 ...

599 2396 715 2457 doctus
739 2396 957 2475 sagittas
981 2391 1187 2456 tendere
1211 2388 1342 2456 Sericas

597 2502 708 2546 arcu
732 2493 880 2564 paterno,
906 2503 935 2545 e.
961 2504 992 2564 q.
1018 2503 1043 2548 s.

224 2604 442 2669 Imitationem
466 2604 678 2671 Sidonianam
701 2613 853 2690 profecto
877 2617 945 2672 tam
969 2607 1168 2672 luculentam
1188 2626 1260 2670 esse
1284 2623 1480 2688 persuasum
1504 2602 1653 2681 babebis,
1679 2612 1715 2668 ut

222 2693 279 2754 vix
302 2692 365 2758 ulla
388 2697 430 2758 de
454 2695 536 2760 illius
561 2696 625 2761 lide
651 2698 812 2763 dubitatio
837 2717 1015 2779 superesse
1040 2695 1160 2779 possit.

225 2908 287 2973 144
328 2816 401 2884 Iam
433 2841 512 2884 vero
552 2833 732 2906 pergentes
762 2821 905 2908 legimus
938 2824 1027 2906 apud
1060 2820 1197 2886 Sollium
1230 2820 1330 2904 paulo
1360 2821 1441 2888 infra
1472 2821 1555 2885 haec
1588 2817 1631 2906 (c.
1666 2816 1712 2896 II,

309 2929 323 2972 s
376 2964 381 2976 .
408 2929 415 2972 ε

327 2910 531 3084 qqinventas
554 3022 746 3104 agitare
771 3021 900 3084 ieras
925 3030 959 3084 et
982 3018 1154 3084 fronde
1178 3018 1401 3084 latentes

381 3129 626 3190 quaerere,
651 3112 923 3193 deprensas
948 3110 1048 3174 modo
1072 3108 1223 3173 claudere
1245 3109 1393 3173 cassibus
1418 3107 1552 3183 artis,

381 3218 465 3261 nunc
489 3209 577 3265 torto
603 3210 778 3281 penetrare
802 3220 891 3282 veru,

220 3319 340 3401 quibus
365 3325 513 3388 versibus
530 3301 719 3391 'manifesta
751 3327 981 3392 aemulationis
1005 3325 1202 3391 Sidonianae
1233 3322 1373 3405 vestigia
1405 3293 1709 3406 deprehenduntur.

219 3409 379 3476 Conferas
402 3411 491 3477 enim
515 3415 597 3480 Hor.
621 3435 721 3480 carm.
743 3414 807 3496 III,
833 3415 874 3480 12
899 3436 1013 3480 versus
1037 3425 1119 3481 extr.
1145 3411 1204 3497 (10
1227 3417 1312 3496 sqq.)

380 3538 728 3622 ...fugientes
752 3540 956 3624 agitato

380 3649 529 3711 grege
552 3649 668 3694 cervos
693 3629 906 3694 iaculari
931 3641 965 3696 et
988 3631 1076 3694 celer
1099 3631 1207 3695 arto
1231 3627 1518 3694 latitantem

379 3718 1034 3804 fruticetoexcipereaprum.

220 3839 363 3926 Uterque
387 3856 489 3926 poeta
525 3846 566 3909 de
590 3847 764 3911 venatione
797 3845 889 3911 inicit
920 3847 1131 3911 mentionem.
1178 3844 1332 3910 Alterum
1365 3865 1471 3929 genus
1504 3844 1710 3910 venatorium

219 3932 418 4018 significatur
443 3935 551 3999 verbis
590 3936 692 3999 »seras
723 3946 813 4001 torto
848 3948 1023 4019 penetrare
1047 3957 1158 4019 veru«,
1193 3934 1246 3998 cui
1285 3934 1467 4016 respondet
1489 3933 1709 3998 Horatianum

223 4023 404 4105 »fugientes
428 4045 546 4088 cervos
580 4025 743 4099 iaculari«,
778 4024 917 4092 alterum
948 4023 1140 4106 designatur
1175 4024 1308 4089 ›lronde
1344 4024 1485 4088 latentes
1517 4043 1710 4105 quaerere«,

218 4133 360 4194 quocum
383 4124 461 4197 apte
486 4117 638 4198 congruit
674 4113 904 4197 pronuntiatio
927 4113 1039 4178 Flacci
1074 4113 1278 4180 »latitantem
1312 4111 1468 4179 fruticeto
1491 4109 1709 4196 excipere.;²)

217 4200 246 4265 si
271 4224 372 4267 voces
397 4203 543 4286 singulas
577 4216 776 4287 spectamus,
807 4206 1060 4288 componendae
1093 4199 1244 4269 videntur
1277 4203 1357 4267 hae:
1393 4201 1521 4286 agitare
1554 4201 1643 4266 ieras
1667 4239 1710 4250 -

216 4294 343 4375 agitato
368 4313 481 4376 grege,
506 4293 694 4360 latitantem
718 4293 872 4360 fruticeto
900 4330 936 4340 -
963 4292 1108 4375 fronde3)
1132 4292 1284 4375 latentes,
1316 4292 1457 4357 sortasse
1482 4295 1582 4358 etiam
1617 4301 1709 4358 »arto

215 4381 371 4446 fruticeto
395 4386 568 4465 excipere«
589 4404 663 4448 curn
690 4386 788 4448 »artis
805 4385 952 4448 cassibus
976 4386 1188 4464 deprensas«,
1213 4382 1300 4447 Nam
1324 4402 1384 4466 pro
1404 4383 1534 4447 Sidonii
1557 4381 1711 4448 imitandi

216 4473 343 4537 ratione
367 4493 433 4536 non
457 4476 547 4537 casui
570 4476 816 4538 attribuendum
841 4494 915 4538 esse
930 4476 1048 4556 opinor
1072 4482 1106 4537 et
1130 4472 1182 4536 hic
1206 4484 1242 4537 et
1265 4472 1328 4535 illic
1351 4472 1550 4537 vocabulum
1577 4483 1707 4548 »artus«

217 4561 366 4642 proferri.
391 4599 433 4608 -
1609 4569 1612 4576 '

325 4705 344 4768 ¹)
365 4706 462 4756 Notum
483 4713 521 4757 est
540 4708 567 4757 in
588 4709 662 4760 codd.
683 4710 838 4762 minusculas
858 4711 955 4760 litteras
977 4727 987 4760 r
1007 4715 1032 4758 et
1052 4726 1066 4759 e
1086 4725 1165 4774 saepe
1184 4707 1306 4758 similiter
1320 4706 1432 4772 scriptas
1452 4718 1522 4775 esse;
1542 4707 1707 4758 notissimum

218 4777 324 4825 veroin
347 4779 421 4828 libris
440 4775 486 4828 illa
507 4785 558 4843 „u“
579 4785 605 4830 et
628 4781 677 4838 ‚.n“
698 4777 788 4846 (etiam
809 4777 833 4849 v)
853 4783 921 4833 inter
936 4795 964 4832 se
982 4781 1124 4848 permutari
1143 4780 1293 4834 sescenties.

324 4865 345 4934 ¹)
365 4870 468 4919 illustre
486 4887 546 4920 sane
563 4871 716 4935 exemplum.
736 4887 787 4935 quo
807 4872 968 4937 quantopere
988 4867 1148 4937 Apollinaris
1164 4872 1196 4920 ab
1210 4870 1337 4934 ¹exemplo
1351 4885 1398 4920 suo
1410 4871 1551 4924 ‚verborum
1570 4870 1703 4934 elegantia

217 4944 359 5001 superetur.
379 4947 471 5007 sponte
493 4943 701 5008 perspiciendum
722 4949 760 4992 est
779 4944 826 5008 (cf.
848 4945 989 4995 fructiceto
1010 4970 1042 4980 —
1063 4944 1160 4997 fronde,
1180 4943 1327 4998 latitantem
1352 4967 1382 4977 -
1403 4943 1521 4998 latentes.
1542 4939 1617 5008 cet).

323 5025 346 5099 ³)
367 5031 508 5082 Horatiana
535 5049 637 5098 quoque
668 5049 719 5084 vox
745 5035 904 5092 „fruticeto”
926 5036 1003 5084 docet
1022 5034 1191 5099 spernendam
1215 5049 1269 5082 esse
1295 5032 1398 5082 codicis
1418 5032 1546 5083 Marciani
1565 5033 1706 5083 lectionem

218 5100 318 5159 ..forre‘
338 5103 402 5152 satis
421 5103 543 5167 ineptam.
1549 5131 1554 5136 ·
1610 5127 1613 5136 ’

1643 5207 1676 5264 δ*
