3876 5604
947 271 1142 338 ..30-

288 476 361 544 -Sid
384 501 427 563 ep
462 479 522 560 IX,
551 482 600 557 13,
624 481 646 546 5
670 505 702 549 v.
729 481 771 548 16
794 503 866 567 sqq.

807 641 1007 711 recoquente
1031 653 1112 712 quas
1136 653 1220 696 aeno

807 718 973 783 Meliboea
995 721 1084 786 fucat
1107 724 1194 786 unda
1219 775 1226 790 .
1253 775 1259 788 .
1284 776 1291 789 .

809 806 955 872 bibulum
980 810 1091 876 colore
1115 810 1231 880 vellus.

294 963 396 1025 porro
418 942 486 1008 Sid.
510 966 536 1012 c.
559 944 655 1023 XIII,
681 968 711 1013 v.
738 947 780 1013 26
805 970 853 1031 sq.

725 1072 792 1138 »sic
815 1087 848 1140 te
874 1076 1007 1142 Sidonio
1037 1091 1168 1144 recocta
1192 1080 1266 1144 luco

720 1163 841 1230 multos
865 1188 1010 1250 purpura
1033 1171 1153 1236 vestiat
1176 1191 1236 1252 per
1259 1190 1374 1235 annos.

297 1300 340 1363 ad
364 1299 447 1364 haec
470 1301 536 1367 Sid.
561 1323 589 1368 c.
613 1304 689 1389 XV,
713 1326 743 1375 v.
770 1308 831 1373 127
857 1330 906 1391 sq.

653 1448 743 1531 palla
761 1451 852 1533 Jovis
876 1452 994 1531 rutilat,
1017 1457 1109 1520 cuius
1131 1456 1182 1519 bis
1206 1466 1319 1521 coctus
1342 1475 1426 1519 aeno

651 1540 757 1604 serica
781 1539 937 1607 Sidonius
962 1544 1093 1610 fucabat
1116 1547 1255 1610 stamine
1279 1565 1403 1610 murex.

294 1676 379 1740 adae
403 1675 470 1743 sn.
494 1698 520 1746 c.
545 1677 591 1760 11,
615 1683 699 1766 4813
724 1683 802 1762 vu,
828 1687 902 1754 aaa.

392 1821 435 1885 -Si
453 1825 496 1887 ad
515 1845 567 1888 res
583 1824 732 1910 singulas
750 1834 994 1912 percensendas
1008 1843 1152 1899 mentem
1169 1830 1381 1907 advertimus,
1407 1835 1549 1914 primum
1565 1828 1787 1894 imitationem
1859 1909 1861 1912 Ι

294 1912 468 1975 statuimus
493 1915 525 1976 in
550 1934 591 1977 eo
615 1916 770 1999 positam,
805 1931 840 1985 ut
863 1920 1016 1986 Sidonius
1044 1921 1155 1986 Flacci
1185 1924 1391 2002 ¹enuntiatum
1427 1923 1558 2002 passive
1590 1938 1786 2002 expressum

298 1999 367 2062 »bis
391 1999 479 2065 Afro
504 2002 630 2068 murice
662 2009 810 2078 tinctaec,
831 2011 862 2074 in
886 2009 1029 2075 activam
1064 2009 1343 2076 constructionem
1382 2009 1454 2074 »bis
1479 2007 1634 2073 Sidonius
1666 2023 1785 2071 murex

294 2086 446 2154 fucabat«
472 2096 692 2173 converterit;
717 2098 835 2162 deinde
861 2113 1000 2181 perapte
1026 2101 1303 2184 comparabuntur
1325 2104 1408 2165 inter
1431 2120 1467 2164 se
1484 2100 1674 2172 locutiones,
1700 2114 1785 2196 quae

294 2188 370 2242 sunt
397 2183 560 2247 »vestiunt
584 2181 696 2247 lanae«
725 2198 758 2251 et
786 2210 948 2272 »purpura
964 2191 1117 2270 vestiat«,
1144 2191 1311 2271 »potantia
1326 2191 1446 2253 vellera
1465 2195 1591 2252 tucum‹
1620 2197 1653 2250 et
1674 2187 1785 2248 »b1bu·

294 2264 361 2329 lum
407 2269 519 2334 colore
552 2271 688 2338 vellus«.
735 2277 910 2343 Praeterea
944 2300 1045 2343 voces
1077 2281 1221 2361 singulas
1254 2280 1295 2342 ab
1320 2291 1459 2365 utroque
1483 2289 1584 2361 poeta
1608 2289 1783 2357 usurpatas

294 2357 325 2419 in
359 2372 541 2441 conspectu
574 2383 759 2444 ponamus:
793 2387 919 2452 mureX,
949 2372 1069 2434 vestire
1101 2373 1148 2451 (et
1172 2367 1308 2453 vestes),
1345 2371 1445 2449 color,
1480 2368 1594 2439 vellus,
1619 2366 1782 2465 Sidonius,

295 2443 389 2510 fucus
425 2450 471 2528 (et
495 2451 625 2535 lucare),
662 2489 706 2500 -
741 2456 902 2521 vocabula
925 2470 1016 2523 certe
1040 2458 1228 2540 singularia,
1254 2457 1374 2540 quibus
1400 2457 1598 2522 dictionibus
1622 2456 1783 2519 adicimus

295 2535 413 2599 hasce:
445 2538 497 2602 bis
533 2537 658 2606 tinctae
691 2581 734 2588 —
765 2544 818 2609 bis
851 2558 976 2631 coctus,
1012 2552 1176 2613 medicata
1200 2548 1273 2612 fuco
1300 2585 1337 2595 -
1365 2558 1495 2612 recocta
1527 2546 1611 2619 luco,
1647 2542 1783 2608 Sidonio

296 2635 389 2690 ostro
415 2664 459 2673 —-
482 2627 620 2695 Sidonio
646 2631 729 2708 luco,
755 2636 796 2700 al.
853 2637 950 2702 Certe
973 2638 1088 2701 harum
1121 2638 1338 2702 imitationum
1363 2638 1443 2701 fides
1467 2635 1500 2700 in
1525 2635 1782 2732 controversiam

295 2715 414 2779 adduci
449 2720 571 2801 nequit.
626 2720 798 2788 Sidonium
832 2724 933 2808 igitur
966 2730 1074 2791 varios
1107 2724 1253 2812 exempli
1277 2728 1448 2792 Horatiani
1481 2745 1595 2788 versus
1624 2743 1783 2786 memona

295 2805 517 2871 custodivisse
541 2808 752 2894 intellegitur,
776 2835 916 2895 quorum
933 2817 1060 2899 singula
1084 2815 1174 2882 dicta
1198 2838 1272 2880 eum
1288 2815 1426 2880 diversis
1442 2816 1522 2878 locis
1539 2810 1782 2896 significavisse

295 2890 456 2962 videmus.
481 2933 523 2944 -

295 3040 465 3105 Posterior
478 3054 590 3108 autem
605 3043 696 3110 locus
720 3058 831 3112 exstat
855 3049 935 3113 Hor.
960 3071 1013 3131 ep.
1037 3050 1061 3128 1,
1089 3049 1129 3114 10
1153 3070 1183 3114 v.
1211 3049 1251 3113 15
1275 3069 1346 3130 sqq.
1371 3100 1378 3115 .
1403 3047 1553 3130 ,gratior
1575 3066 1653 3109 aura

384 3129 485 3197 leniat
510 3144 543 3198 et
568 3134 694 3197 rabiem
718 3135 816 3200 Canis
840 3151 875 3202 et
898 3149 1065 3203 momenta
1089 3138 1221 3215 Leonis,

384 3240 458 3284 cum
482 3222 585 3286 semel
611 3226 739 3305 accepit
763 3225 875 3290 Solem
900 3228 1092 3292 furibundus
1116 3241 1248 3293 acutum

279 3351 356 3429 ¹His
380 3366 513 3449 adiungi
536 3365 635 3434 liceat

424 3512 508 3577 Hor.
533 3533 559 3578 c.
583 3511 638 3588 llI,
666 3513 694 3588 l,
720 3515 760 3582 31
787 3536 835 3596 sq.
859 3515 1012 3600 culpante
1037 3539 1121 3581 nunc
1144 3516 1303 3581 torrentia
1327 3537 1425 3599 agros
1449 3515 1555 3578 sidera
1580 3563 1586 3576 .
1611 3562 1618 3578 .
1643 3563 1650 3577 .

424 3602 507 3666 Hor.
531 3601 558 3678 I,
589 3605 636 3680 tt,
665 3604 703 3669 tt
730 3625 779 3687 sq.
802 3606 856 3669 hic
879 3609 911 3669 ln
934 3610 1069 3672 reducta
1093 3606 1178 3671 valle
1202 3605 1375 3670 Caniculae
1400 3605 1518 3670 vitabis
1542 3605 1680 3682 aestus¹)

295 3761 377 3828 Hor.
401 3783 428 3828 c.
451 3760 515 3838 III,
542 3765 594 3842 29,
622 3770 662 3830 18
686 3787 749 3848 sqq
785 3769 931 3834 ostendit
953 3767 1076 3851 ignem,
1102 3766 1184 3832 iam
1209 3770 1414 3850 Procyon
1438 3764 1546 3830 furit

295 3862 328 3915 et
352 3851 446 3915 stella
472 3852 587 3918 vesani
610 3855 734 3919 Leonis

295 3939 365 4004 sole
390 3939 463 4005 dies
486 3945 647 4008 relerente
671 3943 787 4011 siccos.

296 4083 426 4151 Illorum
451 4087 569 4155 Horati
594 4111 745 4156 versuum
773 4113 953 4157 memorem
979 4095 1206 4177 Apollinarem
1233 4115 1270 4158 se
1299 4093 1504 4176 praestitisse
1527 4089 1776 4166 adfirmaverim,

294 4196 370 4240 curn
393 4177 475 4240 haec
498 4180 657 4246 scriberet
679 4181 719 4263 (c.
743 4181 837 4260 XVI,
862 4206 891 4250 v.
917 4187 960 4248 79
984 4183 1069 4269 sqq)

401 4343 476 4386 curn
500 4323 724 4408 Procyon
759 4328 970 4408 fureret,
1012 4349 1085 4392 cum
1124 4327 1248 4393 sotis
1289 4327 1511 4393 torridus
1546 4328 1674 4410 ignis

336 4459 339 4468 .
403 4412 569 4479 flexilibus
593 4414 683 4481 rimis
707 4416 948 4484 sitientes
973 4419 1129 4484 scriberet
1152 4438 1313 4501 agros,

402 4501 535 4584 hospite
560 4516 593 4570 te
617 4517 749 4572 nostros
774 4528 891 4572 exce
905 4531 927 4591 p
940 4510 973 4574 it
996 4509 1145 4590 protinus
1169 4529 1216 4572 ae
1230 4518 1272 4573 st
1286 4530 1305 4572 u
1319 4529 1344 4573 s.

295 4657 468 4730 praeterea
492 4649 641 4715 conseras
665 4649 766 4714 velim
791 4650 862 4717 Sid.
886 4672 913 4718 c.
938 4649 1051 4729 XXII,
1075 4672 1105 4718 v.
1129 4672 1178 4732 sq.

425 4816 501 4860 narn
526 4798 615 4879 quod
642 4796 725 4879 sugit
748 4817 806 4860 ora
829 4798 953 4861 Leonis
979 4797 982 4876 Ι
1011 4849 1019 4867 .
1048 4849 1054 4862 .
1081 4846 1087 4862 .
1113 4795 1239 4860 rabiem
1264 4795 1348 4858 male
1373 4797 1512 4860 sustinet
1536 4796 1651 4860 Ursae.

404 4939 422 5004 ¹)
443 4943 575 4994 Sidonium
595 4943 661 4994 bunc
681 4945 765 4994 locum
788 4944 812 4993 in
828 4943 948 5008 epistulIs
963 4940 1048 5010 (Vlll,
1070 4945 1111 4997 ta.
1132 4944 1147 4994 5
1167 4941 1250 4991 sereni
1271 4936 1391 4990 brumalis
1410 4941 1488 4990 iolitla
1508 4937 1614 5010 vitabis)
1630 4957 1656 4991 re
1674 4942 1772 5006 perisse

294 5021 368 5082 putat
388 5016 488 5066 Geisler
507 5017 532 5065 in
553 5014 640 5081 Luetj.
664 5017 727 5068 edit.
747 5032 806 5081 pag.
828 5019 890 5069 att.
