3876 5604
809 305 984 373 ..99-

149 515 218 581 Iam
242 536 321 580 vero
346 515 603 599 progredientes
619 516 850 599 Apollinarem
874 519 978 583 semel
995 519 1180 600 iterumque
1193 516 1324 583 Horatii
1340 538 1472 584 carmen
1488 517 1642 584 Sallustio

148 604 269 688 Crispo
293 605 429 670 missum
453 606 495 688 (c.
519 603 565 682 Il,
592 605 622 688 2)
653 608 849 673 aemulando
885 611 917 672 in
950 628 1019 672 rem
1054 628 1147 672 suam
1186 605 1327 673 vertisse
1366 608 1642 674 demonstremus.

149 691 303 776 Exponit
327 693 429 776 igitur
442 706 545 777 poeta
564 696 750 760 Venusinus
767 697 856 761 illum
870 696 966 779 quasi
980 717 1093 780 regem
1110 717 1183 762 esse
1199 717 1325 780 regum,
1347 695 1404 779 qui
1418 695 1642 763 insatiabilem

152 782 299 849 habendi
323 803 473 848 amorem
496 785 580 849 sciat
605 787 793 868 opprimere
818 807 848 852 v,
874 789 904 856 9.
931 805 1002 870 sqq.

332 908 432 974 latius
455 929 575 992 regnes
598 908 732 975 avidum
761 913 981 977 domando

334 997 499 1081 spiritum,
522 1019 620 1082 quam
645 997 674 1062 si
697 1000 842 1082 Libyam
866 1007 1002 1068 remotis

334 1085 538 1153 Gadibus
571 1087 732 1172 iungas
756 1101 790 1155 et
822 1102 960 1176 uterque
991 1092 1121 1156 Poenus
1148 1087 1151 1176 l
1174 1091 1353 1155 serviat
1383 1090 1460 1156 uni.

150 1215 253 1278 Cuius
276 1213 434 1295 strophae
459 1212 667 1280 manifestam
695 1211 870 1282 Sidonium
894 1214 1051 1281 habuisse
1076 1213 1232 1282 notitiam
1257 1212 1476 1297 perspicimus
1501 1235 1544 1278 ex
1569 1233 1643 1278 ver-

150 1304 242 1367 sibus
265 1302 356 1366 hisce
381 1302 422 1382 (c.
447 1301 492 1386 II,
516 1303 582 1369 453
606 1322 667 1385 sq,
691 1305 757 1372 457
782 1311 889 1388 sqq.):

259 1449 280 1489 o
297 1447 365 1579 ιτίη
383 1447 421 1503 e,
446 1428 536 1510 quod
560 1429 752 1514 Euphraten
776 1427 974 1513 Tigrimque
998 1394 1179 1512 interiacet,
1206 1429 1285 1498 olim

258 1535 307 1578 so
344 1535 363 1578 a
387 1527 523 1580 tenes
547 1566 555 1582 .
583 1567 588 1580 .
615 1571 621 1586 .

260 1625 321 1668 nec
344 1602 466 1672 sufficit
489 1603 598 1673 istud:

258 1693 433 1757 Armenias
458 1693 665 1780 Pontumque
689 1697 766 1762 dedi
790 1741 799 1762 .
825 1749 831 1764 .
858 1748 865 1762 .
888 1695 998 1760 forsan
1023 1717 1089 1786 n9n
1113 1717 1190 1760 cre
1206 1697 1338 1762 ditur
1372 1717 1427 1778 un
1444 1698 1471 1782 i;

258 1785 301 1867 (v.
325 1780 405 1866 461)
429 1785 680 1866 adqulsita
712 1806 788 1850 meo
812 1789 965 1851 servit
995 1783 1092 1850 tibi
1123 1781 1405 1854 Creta'Metello.

257 1871 298 1940 cf.
324 1869 426 1936 etiam
450 1893 477 1938 c.
501 1873 543 1950 V,
568 1875 631 1940 451
658 1895 719 1939 nec
742 1885 855 1941 tantae
879 1875 1001 1940 Seston
1024 1872 1256 1940 iuncturus
1279 1874 1408 1958 Abydo
1427 1871 1431 1962 l
1448 1873 1580 1938 Xerxes
1606 1922 1612 1936 .
1639 1923 1645 1937 .

264 1994 410 2062 Difficile
442 2017 522 2062 sane
552 2011 603 2064 est
636 2002 779 2086 probatu
811 2021 935 2081 omnes,
959 2021 1043 2083 quos
1067 2002 1309 2084 proposuimus,
1334 1998 1426 2072 locos
1449 1999 1574 2064 directo
1604 2016 1647 2064 ex

150 2085 294 2150 Horatio
340 2106 414 2150 esse
447 2089 666 2171 depromptos
688 2110 749 2154 nec
779 2089 931 2172 profecto
954 2088 1034 2154 illud
1059 2092 1260 2155 contendere
1284 2090 1362 2153 mihi
1386 2099 1436 2155 est
1461 2085 1645 2152 inanimo.

151 2173 201 2239 At
232 2175 297 2238 hoc
329 2172 412 2239 mihi
447 2175 518 2240 veri
554 2177 757 2244 simillimum
794 2199 868 2243 esse
898 2178 1031 2244 videtur
1054 2177 1225 2243 Sidonium
1259 2177 1294 2242 in
1325 2178 1558 2259 componenda
1591 2174 1646 2240 illa

152 2264 377 2346 explicatione
414 2263 456 2349 (v.
482 2265 680 2351 433-462)
710 2270 937 2334 recordatione
972 2269 1115 2349 quadam
1146 2269 1241 2332 huius
1271 2267 1335 2330 loci
1366 2265 1539 2332 Horatiani
1572 2285 1646 2329 esse

153 2351 357 2421 suscitatum.
396 2353 565 2420 Sententia
590 2360 686 2441 enim,
711 2377 796 2440 quae
819 2361 905 2422 inest
928 2360 961 2422 in
986 2355 1137 2422 versibus
1160 2358 1239 2421 Hor.
1266 2357 1305 2420 11
1331 2377 1388 2437 sq,
1414 2367 1465 2421 ter
1488 2355 1646 2436 repetitur

154 2463 173 2504 a
209 2443 355 2518 Sidonio,
391 2441 450 2524 qui
487 2447 622 2525 perinde
658 2467 696 2510 ac
731 2448 868 2512 Flaccus
904 2445 1085 2511 enuntiatis
1121 2445 1281 2510 similibus
1320 2445 1411 2510 »sola
1440 2457 1555 2510 tenes·
1593 2442 1645 2506 vel

159 2529 323 2596 »creditur
357 2531 432 2595 uni«
470 2534 646 2616 (Horatius
685 2534 829 2601 »serviat
864 2536 952 2618 unic)
986 2556 1063 2599 usus
1100 2533 1433 2618 comprehensionem
1468 2532 1646 2602 concludit.

155 2618 322 2701 Imprimis
345 2633 458 2688 autem
483 2621 605 2689 Sollius
630 2646 671 2688 eo
695 2627 769 2688 loco
785 2627 912 2690 Horatii
936 2623 1086 2708 vestigiis
1102 2623 1231 2698 institit,
1258 2625 1313 2688 ubi
1336 2625 1375 2708 (c.
1399 2624 1439 2706 11,
1463 2622 1545 2704 461)
1570 2640 1646 2685 eum

158 2711 254 2774 dictis
281 2709 400 2775 »creta
423 2711 589 2794 adquisita
613 2749 655 2762 --
680 2713 783 2779 servit
807 2714 887 2780 tibi«
915 2715 1068 2779 adhibitis
1091 2712 1274 2779 Horatiana
1297 2711 1354 2777 illa
1381 2710 1550 2777 »Gadibus
1576 2711 1646 2774 iun-

156 2819 217 2882 gas
240 2834 285 2846 -
301 2799 424 2865 serviat
449 2801 524 2865 uni«
546 2803 751 2886 spectavisse
768 2803 827 2867 vix
851 2807 911 2869 erit
932 2806 1116 2887 quisquam,
1142 2805 1197 2886 qui
1214 2801 1353 2890 neget.²)
1378 2799 1646 2885 Comparationis

155 2908 265 3042 &aasz
279 2890 382 3062 adi)eci
405 2889 536 2954 Sidonii
560 2891 686 2958 dictum
715 2892 855 2956 »Seston
879 2895 1045 2958 iuncturus
1063 2892 1208 2975 Abydo«
1227 2893 1319 2972 (Hor.
1347 2891 1512 2974 »Libyam
1527 2892 1646 2972 iungas

187 2998 205 3040 a
231 2999 243 3040 1
270 3000 346 3044 us«.
372 3016 414 3026 —-

261 3100 301 3165 In
332 3101 572 3184 perlustrandis
603 3114 723 3188 poetae
748 3104 980 3187 Lugdunensis
1011 3102 1213 3170 carminibus
1246 3105 1432 3189 complures
1466 3099 1548 3168 mihi
1580 3099 1646 3166 loci

154 3211 190 3255 se
215 3191 417 3270 obtulerunt,
443 3212 582 3276 quorum
609 3194 741 3258 fundum
773 3191 808 3257 in
833 3191 943 3257 Flacci
975 3191 1119 3275 epistula
1150 3191 1280 3259 decima
1315 3195 1400 3280 (libri
1436 3188 1570 3276 prioris)
1602 3191 1645 3253 ad

155 3280 317 3346 Aristium
340 3282 482 3346 Fuscum
511 3285 611 3347 missa
635 3285 780 3364 positum
806 3302 879 3347 esse
912 3283 990 3346 mihi
1022 3285 1180 3364 persuasi.
1239 3283 1316 3348 Duo
1341 3283 1549 3364 potissimum
1583 3278 1647 3342 loci

155 3370 243 3434 illico
278 3373 494 3450 inveniuntur,
524 3392 665 3453 quorum
699 3371 888 3454 exemplum
917 3374 1097 3438 identidem
1132 3371 1257 3437 Sidonii
1293 3370 1399 3438 menti
1434 3369 1660 3436 obversatum·

156 3480 231 3524 esse
256 3480 316 3543 pro
340 3471 431 3525 certo
455 3460 567 3524 haberi
590 3473 714 3542 potest.
761 3461 851 3524 Prior
873 3461 973 3543 igitur
996 3460 1088 3525 locus
1111 3475 1163 3527 est
1186 3482 1237 3545 ep.
1261 3459 1288 3544 I,
1317 3459 1358 3525 10
1380 3482 1410 3526 ν.
1435 3457 1477 3523 26
1502 3478 1573 3540 sqq.

388 3589 390 3596 ¹
478 3607 555 3669 Non
580 3606 634 3689 qui
658 3605 794 3670 Sidonio
818 3608 1017 3672 contendere
1041 3604 1176 3669 callidus
1201 3616 1293 3694 ostro

480 3699 583 3760 nescit
606 3695 810 3777 Aquinatem
835 3697 983 3776 potantia
1007 3693 1128 3760 vellera
1152 3694 1271 3772 fucum,

479 3783 611 3870 (certius
635 3785 804 3866 accipiet.
829 3838 835 3851 .
859 3785 882 3868 .)

160 3925 276 4010 quibus
302 3928 449 3997 versibus
473 3939 642 4011 tamquam
666 3929 935 4011 supplementum
957 3931 1080 4022 addam
1096 3930 1175 3996 Hor.
1199 3948 1226 3995 c.
1250 3925 1297 4006 11,
1325 3925 1375 4009 16,
1398 3925 1441 3994 35
1466 3945 1555 4010 sqq:

271 4083 343 4138 »te
376 4074 448 4137 bis
478 4073 562 4137 Afro
589 4072 592 4162 l
618 4077 795 4140 murice
831 4075 1017 4140 tinctae
1043 4070 1047 4160 l
1073 4074 1217 4139 vestiunt
1250 4072 1422 4136 lanae.
1449 4096 1537 4150 ..‹‚
1572 4069 1647 4132 dein

159 4162 238 4225 Hor.
264 4183 290 4226 c.
325 4161 380 4238 ΙΙΙ,
405 4161 436 4238 5,
463 4163 504 4226 27
532 4184 581 4245 sq.
619 4185 744 4246 »neque
777 4165 917 4228 amissos
941 4164 1070 4227 colores
1097 4158 1101 4249 l
1126 4162 1200 4227 lana
1231 4161 1330 4227 refert
1363 4161 1526 4225 medicata
1549 4157 1644 4221 suco«

157 4252 474 4426 &pagos-wod.
508 4251 559 4329 12,
591 4276 621 4318 ν.
644 4255 684 4318 21
711 4274 761 4336 sq.
797 4263 829 4319 et
853 4256 949 4335 epist.
975 4250 1019 4328 Il,
1045 4254 1075 4329 2,
1103 4251 1163 4318 181
1195 4251 1319 4338 (vestes
1352 4248 1493 4315 Gaetulo
1527 4247 1647 4313 murice

265 4484 396 4551 Horatii
421 4486 492 4562 hos,
517 4507 601 4568 quos
626 4488 870 4570 proposuimus,
904 4505 1018 4551 versus
1042 4485 1245 4568 Apollinaris
1266 4486 1293 4549 si
1316 4503 1383 4546 non
1407 4484 1519 4564 utique
1544 4499 1647 4544 recor·

160 4575 265 4651 datus,
301 4589 413 4638 tamen
450 4574 581 4640 illorum
612 4578 852 4641 reminiscentia
887 4577 1029 4657 quadam
1066 4585 1252 4641 commotus
1288 4593 1361 4638 esse
1394 4571 1534 4650 videtur,
1574 4589 1647 4633 cum

160 4663 243 4726 haec
271 4665 473 4747 composuit:

273 4859 293 4930 ¹)
313 4865 346 4914 Ni
368 4866 452 4923 failor.
473 4867 555 4917 multo
575 4867 662 4932 aptius
682 4867 724 4917 hic
745 4861 847 4916 Sidonii
868 4867 941 4918 locus
964 4868 991 4918 in
1010 4867 1108 4918 Kelleri
1135 4864 1207 4933 (epil.
1224 4883 1245 4920 z.
1266 4867 1322 4916 Hor
1340 4881 1366 4930 p.
1387 4865 1439 4915 124
1452 4859 1647 4930 sqlargnmen·

162 4955 286 5006 tationem
305 4957 506 5021 quadraturam
522 4957 634 5008 Senecae
654 4955 759 5022 Thyest.
782 4973 805 5008 v.
826 4952 877 5008 ³48
897 4973 951 5022 sqq.
972 4964 998 5008 et
1019 4959 1095 5008 Herc.
1117 4958 1176 5012 Oet.
1196 4976 1219 5008 v.
1241 4957 1292 5008 624
1311 4971 1375 5020 sqq..
1389 4969 1453 5019 quos
1468 4954 1540 5003 locos
1555 4954 1647 5004 rinctus

160 5047 204 5095 ille
226 5046 264 5096 vir
283 5048 402 5111 protulit.
