3876 5604
863 308 1039 373 ..36-

310 524 540 593 Conslabilitur
564 533 674 589 autem
698 520 754 585 illa
789 532 910 603 poetae
934 522 1165 604 Lugdunensis
1199 519 1384 587 imitatione
1419 523 1581 604 scriptura
1618 519 1693 583 cod.

203 617 284 684 Hor,
331 615 492 680 Blandinii
527 607 780 694 vetustissimi,¹)
815 631 900 692 quae
934 613 1027 675 unice
1062 632 1141 677 vera
1176 623 1228 677 est
1260 608 1369 697 (arto),
1410 631 1509 694 quam
1544 609 1691 694 plerique

204 707 349 772 editores
371 703 443 769 iure
467 705 571 769 secuti
594 712 688 785 sunt;
720 699 895 764 lectionem
928 701 1034 763 minus
1066 701 1274 784 probandam
1306 721 1345 764 ac
1378 712 1467 767 certe
1502 698 1691 773 faciliorem,

204 815 303 878 quam
326 792 450 871 dicunt,
475 795 648 874 minusque
672 790 860 873 elegantem
897 788 1002 854 »alto«
1040 790 1188 872 plerique
1219 790 1379 858 exhibent
1413 791 1556 872 codices,
1588 808 1691 871 quam

203 885 362 951 Orellium
385 884 418 947 111
441 892 635 949 contextum
660 879 880 945 Horatianum
905 881 1071 961 recepisse
1096 883 1203 944 miror.

311 1029 468 1092 Horatius
501 1025 534 1090 in
566 1046 664 1089 carm.
697 1021 742 1098 II,
782 1027 830 1098 18,
865 1044 895 1089 ν.
930 1023 973 1088 30
1005 1043 1077 1105 sqq.
1110 1026 1242 1090 umbras
1274 1023 1392 1091 Alcaei
1426 1043 1526 1087 aureo
1562 1023 1691 1104 plectro

204 1117 351 1183 sonantis
374 1117 570 1181 carminibus
593 1113 817 1179 auscultantes
840 1113 886 1178 ita
909 1112 1016 1195 fingit:

544 1242 604 1307 sed
629 1237 737 1322 magis
763 1235 766 1325 )
792 1258 923 1323 pugnas
947 1251 981 1304 et
1004 1249 1143 1305 exactos
1166 1249 1328 1322 tyrannos

548 1333 686 1396 densum
710 1325 836 1393 umeris
858 1329 942 1394 bibit
965 1350 1043 1393 aure
1067 1329 1197 1412 vulgus.

159 1525 160 1530 ,
203 1456 416 1562 Apollinaris,
440 1459 497 1539 qui
520 1478 546 1524 c.
570 1454 666 1541 XVI,
691 1478 721 1524 v.
748 1457 811 1523 125
836 1477 884 1538 sq.
917 1457 1018 1520 verba
1051 1455 1093 1519 ad
1117 1451 1229 1517 Flacci
1262 1451 1452 1534 exemplum
1486 1453 1614 1530 direxit,
1646 1451 1691 1514 ita

202 1557 411 1630 pronuntrat:
479 1601 486 1618 .

523 1720 530 1737 .
555 1723 562 1737 .
587 1722 594 1739 .
618 1672 713 1754 plebs
737 1671 852 1737 sedula
875 1669 1098 1742 circumsistit.

522 1760 697 1843 expositae
721 1762 804 1844 legis
828 1760 922 1827 bibat
945 1757 1079 1824 auribus
1104 1770 1139 1824 ut
1164 1760 1368 1824 medicinam.

202 1905 347 1971 imitatio
370 1905 519 1987 proditur
542 1902 718 1970 lectissima
742 1903 795 1968 illa
819 1903 988 1969 locutione
1016 1902 1129 1968 »bibet
1151 1924 1248 1967 aure«
1276 1901 1354 1985 (Sid.
1374 1902 1484 1967 »bibat
1508 1897 1691 1985 0111111001),

201 2014 301 2077 quarn
325 1991 491 2059 Geislerus
515 1990 560 2080 (111
584 1994 661 2059 diss.
686 2015 719 2076 p.
747 1995 786 2059 16
810 1996 883 2061 adn.
910 1994 951 2076 1.)
975 1995 1241 2074 componendam
1266 2011 1339 2056 esse
1365 2001 1480 2056 censet
1503 2011 1578 2054 cum
1603 1987 1688 2054 Stat.

202 2081 274 2152 silv.
298 2083 338 2160 V,
364 2085 394 2160 2,
419 2084 536 2171 581sq.
560 2083 651 2164 (bibe
677 2133 683 2146 .
708 2133 714 2148 .
741 2083 892 2165 auribus).
932 2084 981 2148 At
1003 2084 1090 2147 hanc
1113 2081 1255 2146 Geisleri
1279 2080 1473 2164 opinionem
1496 2082 1528 2143 in
1553 2089 1689 2144 contro-

201 2171 346 2238 versiam
380 2174 584 2238 adduxerim.
630 2172 782 2255 Namque
817 2173 894 2237 mibi
928 2192 1122 2255 persuasum
1157 2182 1207 2236 est
1238 2172 1426 2235 Arvernum
1458 2169 1548 2234 illum
1581 2178 1688 2233 totam

201 2261 540 2346 comprehensionem,
557 2281 656 2344 quam
680 2264 851 2344 exscripsi,
871 2261 966 2327 unice
991 2264 1032 2326 ad
1057 2262 1186 2328 Horatii
1203 2261 1394 2342 exemplum
1418 2259 1688 2323 conformavisse.

201 2349 264 2417 Cui
288 2355 470 2418 sententiae
494 2354 637 2415 maxime
661 2352 695 2416 id
718 2349 817 2428 lavet,
842 2354 932 2433 quod
957 2352 1139 2416 aemulator
1170 2353 1270 2415 etiam
1295 2350 1396 2414 verba
1425 2349 1540 2430 »plebs
1573 2345 1689 2411 sedula

201 2442 427 2508 circumsistit«
469 2441 666 2522 conscripsit
699 2443 834 2506 intuitus
873 2443 1053 2506 Horatiana
1091 2439 1146 2503 illa
1188 2441 1346 2505 »densum
1382 2442 1502 2503 umeris
1536 2437 1689 2520 vulgus«.

202 2530 429 2614 Quamobrem
475 2532 639 2593 neminem
685 2531 909 2596 dubitaturum
957 2551 1029 2594 esse
1077 2550 1185 2612 spero,
1234 2532 1311 2612 quin
1358 2550 1426 2592 vox
1470 2528 1525 2591 illa
1576 2524 1690 2590 »bibat

201 2617 355 2685 auribusc
393 2640 432 2684 ex
469 2618 626 2684 lonticulo
664 2621 846 2685 Horatiano
882 2620 1022 2694 fluxerit,
1060 2640 1104 2682 ex
1137 2639 1204 2702 quo
1237 2621 1427 2700 ceteroquin
1462 2628 1567 2684 totam
1604 2616 1690 2678 hanc

201 2710 533 2792 comprehensionem
557 2710 718 2775 derivavit
741 2709 954 2791 Apollinaris.

307 2854 482 2918 Praeterea
505 2853 721 2919 imitationem
745 2852 836 2917 Sollii
860 2854 984 2918 iuvabit
1007 2851 1162 2935 proferre,
1188 2855 1278 2918 cuius
1303 2853 1466 2936 originem
1498 2855 1620 2935 partim
1646 2854 1689 2919 ab

201 2943 341 3008 Horatio
359 2944 478 3025 partim
494 2964 514 3006 a
531 2941 672 3007 Claudio
688 2942 868 3008 Claudiano
893 2943 1074 3026 prolectam
1099 2962 1173 3006 esse
1198 2941 1371 3025 probabile
1394 2953 1458 3008 est.
1481 2943 1689 3025 Apollinaris

201 3052 267 3115 quo
292 3033 410 3116 flagrat
433 3031 615 3097 fabularum
639 3030 735 3114 poesi
767 3033 1011 3097 inserendarum
1044 3053 1167 3110 amore,
1198 3031 1233 3096 in
1267 3032 1515 3115 epithalamium
1539 3033 1688 3097 Polemio

201 3133 235 3188 et
256 3122 446 3187 Araneolae
469 3124 592 3187 dictum
616 3123 658 3187 de
682 3124 949 3205 gigantomachia
973 3120 1104 3186 inclusit
1128 3123 1368 3200 narrationem;
1401 3121 1443 3188 cf.
1466 3121 1535 3188 Sid.
1559 3145 1585 3189 0.
1610 3125 1687 3206 XV,

200 3232 230 3278 v.
256 3215 296 3277 18
320 3233 401 3294 sqq,
426 3229 525 3294 quem
549 3210 658 3277 locum
682 3214 848 3294 integrum
879 3213 1011 3277 laudare
1045 3232 1328 3294 supervacaneum
1351 3223 1410 3280 est.
1453 3212 1598 3294 Jeepius‚
1632 3215 1688 3296 qui

201 3300 369 3366 Claudiani
391 3302 535 3365 carmina
559 3305 730 3383 recensuit,
763 3303 846 3366 duos
871 3301 997 3366 Claudii
1029 3301 1123 3365 locos
1157 3322 1231 3366 cum
1256 3301 1384 3366 Sidonii
1413 3304 1562 3367 uersibus
1596 3322 1688 3368 com-

200 3392 373 3472 ponendos
396 3411 469 3456 csse
493 3393 640 3456 monuit:
673 3389 866 3474 Gigantom.
891 3413 920 3456 v.
944 3391 987 3456 85
1011 3412 1085 3455 cum
1110 3392 1175 3458 Sid.
1199 3413 1225 3458 0.
1250 3392 1326 3469 XV,
1351 3392 1395 3458 25
1419 3403 1452 3456 01
1476 3391 1590 3458 Claud.
1617 3395 1687 3477 gig.

200 3500 231 3543 v.
256 3479 296 3546 91
321 3501 396 3545 cum
421 3479 489 3547 Sid.
513 3501 539 3546 0.
563 3481 640 3560 XV,
665 3503 694 3548 v.
719 3482 762 3545 23
786 3502 845 3562 sq,
869 3480 989 3563 quibus
1005 3480 1169 3545 Geislerus
1193 3483 1224 3544 in
1248 3484 1325 3546 diss.
1351 3503 1382 3564 p.
1408 3481 1451 3546 30
1475 3501 1561 3546 nova
1585 3504 1687 3565 quae·

201 3571 276 3634 dam
300 3569 455 3652 exempla
478 3568 638 3635 adiunxit.
685 3572 790 3637 Recte
824 3573 910 3634 enim
946 3570 1112 3634 Geislerus
1145 3569 1316 3635 Sidonium
1348 3574 1381 3634 in
1414 3591 1512 3637 carm.
1545 3573 1622 3648 XV,
1656 3595 1688 3638 v.

202 3660 352 3726 18-26
388 3659 542 3724 nonnulla
577 3664 749 3743 gigantum
787 3663 1013 3743 montiumque
1049 3658 1208 3740 nomina2)
1245 3661 1286 3746 ex
1326 3660 1497 3726 Claudiani
1538 3662 1686 3728 carmine

201 3758 383 3814 mutuatum
419 3769 492 3813 esse
528 3752 648 3814 docuit.
683 3787 726 3798 -
760 3750 869 3814 Nihilo
905 3772 983 3813 vero
1018 3752 1119 3814 setius
1159 3751 1221 3815 hoc
1257 3772 1390 3832 quoque
1430 3751 1505 3814 loco
1542 3750 1685 3818 imitatio

200 3839 381 3904 Horatiana
412 3837 544 3906 videtur
568 3842 699 3903 maioris
732 3861 804 3904 esse
835 3838 1006 3906 momenti.
1053 3839 1195 3922 Reliqua
1227 3844 1312 3905 enim
1346 3839 1520 3923 gigantum
1553 3841 1688 3906 nomina

200 3930 399 4011 deprompta
423 3938 500 3994 sunt
522 3929 564 3992 ab
581 3929 697 3994 Horat.
722 3949 811 3992 carm
835 3927 898 4002 ΙΙΙ,
924 3933 953 4003 4,
979 3952 1008 3994 v.
1032 3928 1075 3994 53
1100 3950 1172 4012 sqq.
1198 3929 1356 3994 Conicras
1381 3933 1469 3994 enim
1492 3928 1563 3997 Sid.
1588 3952 1616 3998 ν.
1644 3934 1684 3997 19

199 4016 389 4081 Enceladus
413 4016 507 4104 (Hor.
532 4038 562 4084 v.
587 4018 652 4100 56),
677 4016 744 4084 Sid.
768 4039 800 4082 v.
826 4017 867 4081 19
897 4019 1082 4098 Typhoeus
1113 4021 1207 4100 (Hor.
1232 4040 1262 4086 v.
1286 4019 1353 4103 53),
1378 4019 1447 4084 Sid.
1473 4038 1503 4082 ν.
1536 4020 1578 4087 20
1606 4020 1686 4086 Por·

200 4107 342 4189 phyrion
365 4107 458 4188 (Hor.
479 4127 510 4172 v.
536 4104 602 4194 54),
627 4107 693 4176 Sid.
717 4130 747 4179 v.
773 4107 815 4172 25
839 4108 959 4192 Mimas
991 4109 1084 4188 (Hor.
1107 4131 1138 4172 v.
1162 4106 1219 4191 53)
1274 4109 1434 4191 Exceptis
1458 4110 1619 4176 Enceladi
1653 4122 1686 4177 et

199 4196 355 4279 Typhoei
379 4195 587 4269 nominibus,
602 4217 688 4279 quae
711 4197 832 4261 Sollius
861 4200 959 4263 etiam
984 4196 1108 4279 profert
1141 4217 1238 4264 carm.
1262 4198 1320 4273 VI,
1345 4220 1373 4263 v.
1399 4200 1450 4275 21,
1486 4220 1602 4264 omnes
1627 4202 1686 4264 has

199 4284 440 4368 appellationes
476 4297 649 4367 utrumque
683 4298 817 4370 poetam
852 4297 980 4352 tantum
1015 4287 1164 4351 versibus
1198 4287 1338 4352 laudatis
1374 4288 1501 4353 adferre
1536 4288 1686 4372 profecto

199 4374 343 4440 notabile
368 4385 427 4440 001.
451 4411 494 4422 —-
518 4374 713 4458 Congruunt
736 4387 847 4442 autem
881 4378 979 4441 etiam
1003 4397 1103 4441 voces
1138 4379 1301 4459 quaedam
1335 4377 1463 4442 illorum
1497 4389 1685 4462 poetarum,

199 4485 282 4549 quas
312 4464 390 4549 quin
420 4467 452 4530 in
484 4477 665 4547 conspectu
700 4484 896 4550 proponam,
928 4467 1138 4549 praemittere
1172 4467 1258 4534 nolo.
1306 4469 1386 4532 Hor.
1423 4488 1522 4538 carm.
1557 4466 1622 4552 ΙΙΙ,
1654 4467 1684 4544 4,

199 4576 229 4618 v.
254 4553 298 4620 56
321 4576 393 4639 sqq.

308 4699 328 4764 ¹)
348 4701 406 4764 Quo
434 4701 465 4751 de
496 4702 588 4751 codice
606 4697 727 4752 Kellerus
755 4697 831 4752 nimis
857 4702 973 4768 iniquum
1003 4703 1063 4752 tulit
1083 4703 1227 4768 iudicium;
1247 4704 1441 4768 haudquaquam
1463 4712 1489 4754 ut
1511 4706 1560 4756 srde
1579 4707 1686 4757 omnino

199 4771 317 4836 indignus
337 4772 486 4822 abiciendus
506 4778 544 4822 est
568 4773 608 4822 Cf.
629 4774 670 4824 W.
689 4773 796 4829 Mewes,
816 4775 901 4824 Ueber
930 4775 978 4824 den
999 4775 1070 4824 Wert
1090 4775 1134 4825 des
1157 4776 1239 4824 codex
1258 4775 1409 4825 Blandinius
1429 4778 1621 4828 vetustissimus
1642 4779 1685 4828 1111

199 4843 243 4893 die
262 4843 348 4894 Krltik
366 4845 420 4893 Ι(100
440 4845 531 4899 Horaz,
562 4844 677 4894 Berolini
704 4847 781 4909 1882,
809 4862 835 4908 p.
856 4848 898 4900 24,
925 4853 1003 4910 atque
1024 4862 1061 4903 ea,
1082 4861 1147 4910 quae
1168 4847 1342 4897 eruditissime
1362 4849 1450 4897 docuit
1471 4851 1503 4901 R.
1525 4851 1551 4900 C.
1573 4849 1686 4904 Kukula,

199 4916 230 4965 de
250 4915 355 4980 Cruquii
375 4915 468 4965 codice
484 4915 672 4980 vetustissimo,
701 4918 874 4967 vindobonae
896 4919 974 4967 1885.

244 4981 339 5110 8le
341 4987 427 5120 1Ve²lut)
455 4987 591 5049 ..Pangaea
620 4989 722 5052 (Claud.
751 4989 802 5052 gig.
832 4985 865 5040 67
895 4996 920 5038 01
950 4989 1001 5040 std.
1021 4983 1081 5046 XV,
1113 4988 1156 5054 20)
1188 4990 1215 5040 e't
1235 4990 1408 5045 ..Damastor“
1430 4987 1531 5057 (Claud.
1552 4994 1612 5059 Gig.
1634 4990 1685 5044 110

200 5064 225 5110 01
263 5057 298 5110 i.
355 5095 362 5124 ,
400 5060 436 5108 0.
1155 5104 1157 5110 .
