3876 5604
841 332 1017 396 ..43-

178 544 290 609 Primo
315 546 432 612 obtutu
458 548 657 629 conspicitur
682 546 878 612 vocabulum
903 546 980 610 illud
1004 545 1167 628 singulare
1196 548 1358 612 »auritus«
1384 545 1550 611 hocloco
1574 548 1671 611 mira-

178 636 275 698 bilius
300 635 401 700 etiam
425 657 499 700 cum
524 656 607 700 voce
635 658 785 701 ›murus‹
813 635 1032 702 coniunctum.
1079 635 1140 700 Est
1164 636 1251 699 enim
1275 636 1448 716 epitheton
1471 636 1561 719 illud,
1580 635 1670 719 quod

179 725 332 789 Flaccum
367 725 440 789 sine
475 724 647 790 subtiliore
681 727 799 790 iudicio
834 727 936 788 verbo
975 745 1153 806 ›quercus‹
1193 725 1412 806 adplicavisse
1444 723 1597 792 vidimus.
1629 763 1672 771 —

178 815 287 877 Paene
318 815 440 879 oblitus
472 835 543 878 sum
576 813 615 882 G.
647 815 690 878 A.
723 814 891 878 Kochium
923 813 1145 898 („Vollsttind.
1178 814 1343 878 Wdrterb.
1377 836 1402 880 z.
1434 815 1463 879 d.
1495 813 1579 879 Ged.
1613 817 1673 880 des

178 905 322 987 Horaz‘¹,
346 903 398 969 ed.
416 903 471 969 alt.
490 906 668 968 Hannover
694 907 779 970 1879
803 927 836 988 p.
860 904 903 968 55
927 905 1013 985 adn.)
1038 925 1063 968 s.
1087 925 1117 970 v,
1146 906 1305 967 »auritus«
1325 905 1554 969 adnotavisse:
1572 905 1672 968 Auch

177 995 233 1056 bei
257 991 327 1059 Sid.
352 992 495 1079 Ap011.¹)
520 1016 546 1057 c.
570 992 611 1065 Π,
647 997 697 1058 71,
721 995 787 1076 vgl.
821 1014 918 1057 unser
955 994 1025 1057 »die
1050 991 1180 1058 Wande
1212 993 1321 1056 haben
1346 992 1480 1057 Ohren«
1514 1003 1584 1068 cet..
1617 995 1673 1075 qui

177 1083 278 1147 etiam
302 1083 441 1148 alterum
470 1084 557 1146 hunc
588 1084 697 1146 locum
727 1083 863 1164 Sidonii,
900 1081 1111 1168 tertiumque,
1144 1083 1199 1146 ubi
1230 1103 1299 1145 vox
1335 1085 1496 1148 ›auritus‹
1534 1081 1672 1147 mirifice

177 1185 336 1254 usurpata
372 1172 500 1255 legitur,
533 1173 655 1236 addere
687 1174 803 1254 potuit.
857 1173 1019 1254 Namque,
1063 1183 1098 1237 ut
1129 1170 1251 1248 omnia,
1279 1192 1368 1254 quae
1399 1173 1462 1235 huc
1494 1171 1672 1254 pertinent,

176 1260 289 1327 verbis
314 1283 485 1343 exsequar,
509 1262 678 1326 Sidonium
703 1283 728 1326 c.
752 1257 879 1346 XXIII¹
912 1284 941 1329 v.
968 1261 1032 1326 184
1056 1281 1126 1345 sqq.
1151 1281 1189 1324 ac
1213 1261 1424 1344 potissimum
1448 1281 1582 1327 versum
1608 1261 1673 1326 190

180 1354 371 1416 »aurita
407 1352 525 1434 chelyn
569 1362 748 1434 expetente
784 1351 942 1414 silva«
983 1350 1115 1416 Horatii
1158 1371 1339 1414 memorem
1382 1350 1554 1434 scripsisse
1600 1351 1672 1418 veri

177 1439 284 1504 simile
308 1453 367 1508 est.
930 1437 939 1450 ’

284 1565 356 1630 Iam
380 1586 460 1630 vero
485 1569 527 1630 ad
551 1568 613 1630 alia
627 1567 782 1648 exempla
805 1587 865 1630 nos
889 1579 1064 1631 vertamus.
1110 1564 1343 1648 Apollinarem
1366 1568 1546 1650 carminum
1569 1565 1629 1631 lib.
1656 1567 1669 1632 l

180 1659 332 1720 carminis
357 1656 398 1719 22
432 1676 570 1738 gnarum
603 1654 703 1720 fuisse
735 1675 834 1736 supra
872 1657 1068 1721 adumbrare
1098 1657 1333 1736 temptavimus
1398 1653 1464 1720 Sed
1488 1657 1539 1719 hic
1572 1676 1669 1739 argu·

178 1758 324 1811 mentum
346 1749 379 1809 in
402 1747 513 1810 medio
530 1766 718 1828 proponere
740 1750 838 1824 iuvat,
864 1766 931 1828 quo
955 1743 1127 1809 Sidonium
1144 1745 1332 1808 certissimis
1356 1746 1504 1828 vestigiis
1528 1757 1667 1828 poetam

178 1837 383 1899 Venusinum
407 1845 618 1917 persecutum
644 1855 716 1898 esse
740 1836 901 1916 liquebit„
934 1836 1090 1899 Horatius
1115 1854 1214 1899 carm.
1238 1832 1265 1914 I,
1299 1831 1341 1896 22
1364 1855 1396 1899 ν.
1421 1835 1441 1898 9
1466 1853 1537 1918 sqq.
1568 1856 1605 1899 se
1628 1834 1662 1900 iu

176 1924 268 1990 silvis
291 1927 416 1989 inerme
440 1935 619 2007 vagantem
644 1925 757 2006 lupum
777 1927 929 1988 inusitata
953 1923 1066 2006 specie
1089 1924 1213 2006 fugisse
1237 1923 1382 2004 explicat
1406 1927 1469 1988 ita:

388 2043 390 2048 ’
443 2069 585 2132 namque
609 2071 662 2114 me
687 2049 770 2114 silva
795 2051 890 2132 lupus
914 2049 947 2112 in
971 2049 1096 2114 Sabina

443 2142 521 2205 dum
545 2160 653 2203 meam
677 2152 775 2205 canto
799 2139 949 2221 Lalagen
973 2151 1007 2204 et
1031 2138 1114 2204 ultra

445 2232 617 2294 terminum
640 2232 726 2294 curis
749 2248 855 2312 vagor
879 2227 1046 2311 expeditis
1071 2227 1076 2315 l
1101 2227 1189 2310 sugit
1211 2230 1385 2291 inermem:

443 2318 540 2402 quale
564 2330 756 2400 portentum
780 2339 887 2400 neque
912 2340 939 2385 e.
965 2341 996 2400 q.
1021 2339 1046 2382 s.

176 2447 285 2529 Quam
309 2448 529 2510 narrationem
563 2455 685 2524 poetae
716 2443 934 2527 Lugdunensi
965 2444 1000 2507 in
1032 2456 1177 2509 mentem
1209 2441 1366 2507 incidisse
1399 2445 1559 2526 suspicor,
1594 2463 1668 2508 cum

176 2537 258 2600 baec
282 2534 441 2600 scriberet
465 2537 506 2599 de
531 2535 650 2598 Alcide
674 2556 702 2604 c.
727 2533 805 2610 VII,
832 2558 860 2602 v.
888 2535 950 2599 183
976 2555 1048 2615 sqq.

478 2660 626 2742 Alcides,
651 2651 799 2724 Nemeae
825 2663 902 2726 dum
927 2661 1064 2726 saltibus
1088 2671 1184 2737 errat,

479 2753 603 2815 occurit
627 2761 776 2814 monstro
801 2772 933 2833 vacuus,
959 2773 1024 2814 non
1049 2751 1168 2813 robora
1192 2761 1342 2833 portans,

479 2861 544 2903 non
569 2841 749 2922 pharetras

175 2965 406 3049 Apollinarem
430 2967 483 3029 hic
507 2967 636 3030 Horatii
670 2966 903 3031 auctoritatem
927 2970 997 3030 sine
1022 2965 1095 3028 fuco
1126 2986 1165 3028 ac
1189 2964 1324 3030 fallaciis
1348 2976 1558 3049 persecutum
1582 2986 1665 3042 esse,

175 3066 328 3130 nonest,
356 3058 445 3137 quod
470 3075 738 3119 commemorem.
784 3055 954 3120 Sententia
987 3054 1084 3118 huius
1108 3055 1171 3118 loci
1194 3053 1320 3119 Sidonii
1354 3057 1410 3119 vix
1438 3058 1571 3139 propria
1607 3066 1667 3122 est.

175 3145 232 3208 Sin
257 3165 326 3208 rem
351 3148 392 3209 ad
409 3145 524 3208 vivum
548 3165 744 3221 resecamus,
763 3155 898 3226 poetam
924 3145 1075 3209 consulto
1100 3165 1207 3228 neque
1225 3147 1294 3207 sine
1318 3145 1462 3209 sollertia
1479 3145 1665 3229 complures

176 3234 287 3298 Flacci
305 3255 405 3298 voces
429 3233 610 3298 variavisse
635 3234 806 3316 probabile
830 3247 889 3300 est.
914 3235 953 3299 cl.
979 3234 1060 3297 silva
1084 3271 1127 3280 -
1151 3235 1262 3310 saltus,
1288 3237 1367 3297 dum
1390 3256 1561 3317 vagor-
1586 3236 1665 3300 dum

176 3335 271 3399 errat,
296 3337 489 3406 portentum
515 3359 555 3370 -
581 3336 778 3401 monstrum;
806 3328 865 3389 sed
890 3346 931 3387 ne
955 3323 1065 3388 Flacci
1087 3326 1210 3388 dictum
1241 3327 1437 3387 »inermem«,
1470 3326 1513 3388 de
1537 3329 1661 3407 scripto

175 3433 271 3477 suum
310 3414 417 3489 faciat,
457 3415 564 3495 longis
602 3415 796 3495 ambagibus
835 3413 916 3478 dicit
958 3435 1106 3492 »vacuus¹
1149 3434 1214 3476 nun
1251 3415 1372 3476 robora
1409 3425 1558 3500 portans,
1598 3435 1664 3478 non

174 3503 378 3586 pharetras«,
404 3524 488 3584 quae
512 3501 740 3586 pronuntiatio
777 3524 843 3567 non
876 3503 947 3566 sine
984 3503 1133 3566 eiusdem
1166 3501 1319 3566 carminis
1351 3504 1526 3569 Horatiani
1557 3525 1665 3568 recor-

175 3591 312 3658 datione
335 3593 385 3676 (cf.
411 3614 441 3656 v.
468 3592 585 3675 2-4)
610 3592 740 3657 videtur
764 3613 839 3656 esse
863 3595 1058 3674 conscripta.

282 3719 516 3786 Consideranti
540 3741 641 3801 porro
665 3720 734 3786 Sid.
758 3740 857 3784 carm.
884 3717 1005 3782 XXIII
1029 3739 1159 3781 versum
1184 3718 1249 3782 473
1274 3740 1321 3800 sq.

571 3846 600 3910 si
624 3847 709 3911 forte
732 3858 824 3911 tuum
848 3857 992 3927 caput
1016 3846 1245 3927 latusque

571 3958 589 3999 c
602 3936 614 4000 i
627 3956 642 3998 r
654 3957 672 3999 c
684 3957 706 3999 u
718 3956 751 3999 m
765 3958 780 3999 s
793 3947 807 4000 t
820 3958 838 4000 e
851 3958 872 3999 n
884 3948 898 4001 t
922 3936 1022 4018 gladii
1046 3936 1261 4000 triumvirales

177 4061 255 4123 mihi
277 4063 453 4126 verborum
478 4083 659 4126 consensus
683 4063 885 4127 staduendus
911 4074 962 4127 est
986 4082 1060 4126 cum
1083 4062 1297 4142 Horatii-sat.
1320 4059 1366 4138 Π,
1392 4063 1412 4126 6
1436 4083 1465 4128 v.
1489 4061 1532 4127 33
1556 4084 1604 4145 sq.

497 4240 503 4252 .
528 4239 533 4251 .
560 4241 566 4253 .
591 4185 698 4249 aliena
722 4185 861 4268 negotia
884 4198 1015 4251 centum

496 4297 578 4359 per
601 4287 745 4357 caput
770 4287 804 4341 et
828 4276 959 4340 circa
983 4276 1169 4341 saliunt
1192 4276 1331 4342 latus.

172 4402 396 4469 Imitationem
420 4425 497 4468 num
521 4414 555 4468 tu
580 4402 771 4477 infitiabere,
797 4405 823 4466 si
847 4404 1031 4484 inspexeris
1055 4403 1132 4467 illud
1150 4401 1285 4485 proprie
1303 4402 1428 4468 dictum
1446 4401 1663 4468 Horatianum

176 4515 254 4574 »per
278 4505 378 4574 caput
402 4505 435 4558 et
459 4493 546 4556 circa
570 4491 690 4556 saliunt
714 4491 832 4562 latus«.
858 4496 948 4574 quod
973 4494 1121 4557 aemulus
1144 4493 1316 4556 Arvernus
1340 4493 1443 4556 ferme
1468 4493 1509 4556 de
1534 4492 1661 4576 scripto

174 4582 237 4645 sibi
260 4582 460 4650 vindicavit?

280 4710 351 4772 Nec
368 4708 493 4772 leviora
509 4707 725 4772 mutuationis
743 4708 941 4772 Sidonianae
964 4709 1084 4772 indicia
1104 4709 1394 4791 deprehenduntur
1417 4710 1449 4771 in
1473 4709 1662 4772 narratione

174 4796 239 4873 illa,
264 4819 329 4879 qua
352 4797 558 4880 Apollinaris
583 4799 734 4860 Danaum
760 4818 890 4862 suarum
907 4798 1026 4880 cuique
1050 4797 1188 4862 filiarum
1213 4819 1326 4862 ensem
1350 4798 1393 4862 ad
1416 4818 1538 4880 procos
1562 4808 1661 4863 noctu

173 4890 385 4951 trucidandos
409 4888 502 4970 lingit
526 4889 712 4952 tradentem
737 4909 764 4954 c.
790 4885 865 4964 XV,
889 4911 920 4955 v.
947 4888 1009 4952 169
1034 4909 1083 4969 sq.

282 5034 303 5099 ¹)
323 5035 445 5085 Debebat
473 5034 570 5084 rectius
591 5034 696 5098 „Apoll
718 5033 789 5086 Sid.'‘
818 5034 947 5100 scribere;
976 5035 1007 5083 de
1032 5033 1135 5086 Sidonii
1164 5033 1269 5083 nomine
1298 5033 1324 5084 iu
1344 5033 1435 5083 ultima
1454 5033 1513 5082 sede
1542 5032 1662 5097 ponendo
1716 5021 1718 5026 ¹

172 5107 337 5157 conferantur
357 5124 396 5166 ea,
417 5123 481 5171 quae
502 5106 591 5155 docuit
613 5105 762 5156 Sirmondus
789 5107 813 5155 in
838 5113 887 5155 uot.
911 5106 1021 5155 editioni
1046 5106 1089 5156 alt.
1119 5101 1195 5171 (anno
1221 5100 1290 5156 1652
1315 5101 1430 5172 curatae)
1460 5104 1538 5156 addit.
1558 5119 1615 5169 pag.
1636 5107 1661 5155 6.

1593 5207 1625 5264 ὅ*
