3876 5604
884 279 1061 346 ..50-

228 504 358 572 Sidonii
381 501 558 569 clausulam
582 503 621 585 (v.
647 499 703 582 87)
730 496 965 578 ..»longeque
991 503 1154 559 remotas‹
1181 489 1243 574 (sc.
1266 490 1396 578 gentes)
1421 513 1487 555 non
1520 493 1589 556 sine
1620 507 1720 555 causa

229 596 409 661 referemus
433 595 475 657 ad
498 594 579 655 Hor.
606 601 667 654 sat.
690 587 716 666 Ι,
742 589 772 661 6,
801 589 889 652 18..
918 607 955 648 »a
979 585 1079 667 vulgo
1104 586 1203 664 longe
1235 582 1401 665 longeque
1424 596 1604 648 remotos«.
1652 581 1719 645 Sid.

230 709 260 752 v.
286 686 328 750 93
356 697 473 748 »trux
497 682 662 767 Auguste,
690 715 727 724 -
755 680 832 742 dum
858 677 1075 740 classicus
1099 674 1199 737 Actia
1235 673 1522 758 mileslstagna
1555 673 1715 756 quatit«

120 811 122 818 ·
229 788 367 858 propter
391 771 566 836 verborum
591 766 837 833 similitudinem
862 765 1003 830 fortasse
1027 767 1169 847 pertinet
1202 766 1243 826 ad
1267 765 1348 826 Hor.
1384 765 1482 844 epod.
1517 761 1554 841 ll,
1590 786 1611 826 o
1647 763 1721 846 (nec

231 868 454 929 excitatur
477 860 668 923 classico
695 858 820 920 miles
844 856 988 942 truci);
1011 867 1093 938 puto
1119 856 1204 917 enim
1229 851 1369 918 Sollium
1404 855 1567 917 interdum
1591 851 1721 935 singula

231 952 394 1019 vocabula
417 989 461 997 —-
485 949 655 1015 sententiis
680 949 870 1027 neutiquam
894 945 1148 1008 cohaerentibus
1172 945 1446 1024 -congessisse
1472 942 1580 1006 exiis
1606 943 1720 1006 carmi·

231 1046 326 1108 nibus
351 1041 550 1117 Horatianis,
573 1056 658 1120 quae
681 1047 753 1100 tota
777 1032 910 1100 imbibit
933 1046 1062 1112 mente;
1088 1033 1279 1115 exemplum
1302 1043 1413 1096 autem
1438 1033 1526 1112 illud,
1551 1035 1642 1115 quod
1657 1033 1723 1094 hoc

232 1135 305 1197 loco
330 1130 574 1214 proposuimus
600 1146 666 1190 non
690 1125 788 1206 plane
812 1126 854 1188 ad
878 1126 1144 1208 persuadendum
1168 1124 1421 1188 accomodatum
1445 1134 1513 1202 est;
1535 1125 1593 1188 sed
1609 1121 1722 1198 confer

231 1245 279 1298 ea,
305 1241 389 1304 quae
413 1220 646 1300 adscripsimus
670 1217 779 1277 versui
803 1213 876 1279 563.
908 1251 952 1260 --
982 1215 1182 1278 Brevissime
1213 1214 1441 1295 composuisse
1473 1214 1607 1279 iuvabit.
1654 1213 1724 1276 Sid.

232 1334 263 1378 v.
291 1310 352 1375 112
377 1328 426 1392 sq.
456 1308 531 1370 »vix
556 1326 609 1370 me
633 1304 713 1367 mihi
737 1305 1023 1384 reddere-coepit«
1052 1324 1125 1366 cum
1150 1305 1229 1368 Hor.
1254 1305 1348 1384 epist.
1374 1301 1397 1376 I,
1424 1301 1474 1376 14,
1502 1303 1519 1365 1
1561 1314 1613 1367 »et
1647 1302 1725 1365 mihi

232 1423 286 1466 me
310 1399 480 1464 reddentis
504 1394 635 1479 agelli«,
661 1392 727 1458 Sid.
751 1415 781 1458 v.
808 1394 871 1460 114
896 1412 943 1472 sq.
973 1392 1169 1459 »formidata
1193 1394 1406 1477 Sygambris«
1433 1413 1508 1456 cum
1527 1394 1608 1459 Hor.
1627 1395 1724 1474 epist.

233 1490 278 1566 ΙΙ,
308 1492 322 1552 1
350 1509 447 1552 versu
473 1485 536 1550 266
565 1483 793 1547 »formidatam
819 1481 977 1547 Parthis«.
1004 1521 1043 1530 -
1069 1482 1198 1547 Maiore
1234 1505 1307 1547 cum
1340 1482 1404 1546 fide
1436 1482 1605 1546 adfirmem
1629 1482 1724 1546 Sido·

234 1584 321 1644 nium
345 1578 515 1658 scripsisse
538 1594 568 1638 v.
595 1571 657 1636 129
685 1573 807 1635 »dirum
833 1572 1074 1635 Hannibalem«
1101 1574 1230 1639 Horatii
1251 1576 1481 1640 auctoritatem
1503 1584 1723 1656 spectantem,

234 1671 310 1753 quia
332 1668 437 1731 tribus
460 1664 541 1728 locis
565 1662 703 1725 Flaccus
728 1661 900 1742 epitheton
928 1664 1052 1725 »dirus«
1081 1661 1195 1728 tribuit
1219 1664 1411 1727 Hannibali:
1450 1666 1591 1747 primum
1623 1682 1727 1727 carm.

235 1760 273 1832 Il,
301 1758 351 1834 12,
376 1755 396 1818 2
420 1755 527 1818 dirum
552 1749 631 1838 (var.
666 1750 740 1816 lect.
776 1748 923 1829 durum¹)
949 1752 1177 1829 Hannibalem,
1202 1752 1324 1817 deinde
1348 1774 1374 1820 c.
1399 1752 1450 1832 ΙΙΙ,
1475 1754 1504 1829 6,
1531 1751 1727 1819 36116661-

235 1846 411 1926 balemque
436 1844 551 1920 dirum,
575 1841 715 1921 denique
739 1861 766 1903 c,
791 1837 848 1913 lV,
873 1843 904 1914 4,
931 1838 973 1903 42
999 1838 1104 1922 (dirus
1127 1840 1229 1924 Ater).
1255 1877 1298 1890 *
1322 1843 1391 1910 Sid.
1415 1865 1448 1906 v.
1484 1845 1548 1909 140
1578 1864 1628 1924 sq.
1658 1842 1727 1905 »cui

235 1958 302 2001 non
338 1932 559 1998 dedit-natura
595 1948 728 2011 parem«
769 1949 875 2009 prope
911 1931 1039 1994 accedit
1073 1931 1115 1992 ad
1151 1928 1370 1997 Horatianum
1409 1934 1478 1996 »cui
1513 1970 1557 1982 -
1594 1933 1727 1997 Veritas

237 2024 369 2110 quando
392 2022 537 2085 inveniet
570 2038 704 2102 parem«
740 2017 780 2104 (c.
805 2016 832 2099 Ι,
857 2017 910 2092 24,
936 2019 980 2097 6).
1004 2017 1071 2081 Sed
1095 2018 1220 2082 Sidonii
1244 2041 1375 2086 versum
1402 2023 1463 2086 147
1492 2022 1604 2087 »arida
1629 2022 1727 2102 Myg-

237 2112 360 2180 doniae
384 2114 580 2176 damnarunt
604 2107 751 2189 Gargara
776 2106 896 2172 falces«
926 2105 991 2170 viri
1015 2107 1106 2171 docti
1130 2107 1190 2171 vix
1213 2123 1302 2175 recte
1328 2132 1402 2175 cum
1425 2112 1542 2178 Horat.
1578 2132 1675 2176 carm.
1700 2109 1728 2184 Ι,

238 2207 290 2285 31,
314 2202 334 2265 9
363 2210 534 2283 »premant
558 2197 717 2261 Calenam
742 2196 827 2260 falco
851 2196 971 2277 quibus
997 2194 1092 2260 dedit
1115 2198 1261 2262 Fortuna
1284 2200 1406 2264 vitem«
1428 2221 1630 2283 componere
1646 2197 1730 2263 mihi

237 2293 408 2368 videntur;
434 2294 474 2357 cs.
500 2286 639 2363 Geisler,
666 2285 743 2350 diss.
769 2307 845 2368 pag.
872 2285 922 2350 13.
969 2285 1056 2349 Nam
1079 2307 1140 2348 nec
1165 2307 1286 2371 magna
1310 2288 1397 2354 inter
1422 2301 1595 2371 utrumque
1620 2290 1729 2352 locum

238 2379 417 2447 intercedit
441 2377 626 2443 similitudo
651 2394 759 2456 neque
782 2375 886 2439 altero
912 2374 988 2437 loco
1016 2374 1227 2457 Apollinaris
1251 2378 1348 2443 huius
1372 2378 1529 2444 carminis
1553 2375 1730 2444 Horatiani

239 2472 342 2537 habet
366 2467 540 2534 rationem,
565 2502 609 2511 —
632 2463 766 2528 Sidonii
788 2463 899 2528 verbis
924 2468 967 2544 (v.
993 2465 1057 2530 160
1080 2466 1142 2547 sq.)
1178 2466 1347 2534 »se-iactet
1379 2467 1487 2551 origo,
1520 2479 1553 2533 et
1585 2467 1731 2550 priscum

239 2559 346 2626 titulis
370 2567 522 2622 numeret
545 2575 671 2638 genus«
706 2565 785 2636 apte
816 2552 1019 2618 subicientur
1042 2554 1225 2619 Horatiana
1260 2558 1296 2637 (c.
1330 2557 1356 2632 Ι,
1391 2560 1440 2636 14,
1475 2557 1515 2624 12
1547 2555 1610 2644 sq)
1647 2554 1731 2618 »filia

240 2647 364 2714 nobilis
388 2647 493 2712 iactes
509 2656 542 2711 et
566 2663 671 2727 genus
688 2655 722 2708 et
745 2663 906 2720 nomen‹;
931 2641 970 2708 cf.
996 2642 1099 2707 etiam
1124 2645 1203 2710 Hor.
1229 2646 1326 2728 epist.
1352 2649 1374 2722 1,
1400 2647 1431 2723 6,
1458 2648 1497 2712 17
1523 2667 1572 2728 sq.

347 2773 413 2838 Sid.
438 2792 468 2838 ν.
494 2770 557 2839 174
586 2780 778 2852 »surgentes
802 2769 900 2831 animi
925 2768 1029 2832 Musis
1060 2770 1261 2835 formantur«
1295 2793 1470 2854 compares
1502 2792 1576 2836 cum
1599 2773 1682 2836 Hor.
1705 2791 1731 2835 c.

241 2862 305 2940 ΙΙΙ,
331 2862 383 2939 24,
408 2861 452 2927 52
471 2883 525 2944 sq.
546 2872 699 2924 »tenerae
716 2857 1052 2923 mentes-formandae
1069 2859 1202 2930 Musis«
1223 2860 1289 2925 Sid.
1307 2885 1339 2926 v.
1357 2862 1421 2927 213
1439 2864 1562 2927 dictum
1583 2861 1733 2944 »grande

193 3022 206 3047 θ
241 2957 383 3019 bonum«
412 2971 451 3015 ea
474 2952 517 3014 de
540 2970 640 3012 causa
656 2967 894 3030 componamus
911 2969 985 3011 cum
1002 2949 1081 3012 Hor.
1098 2959 1159 3013 sat.
1183 2947 1228 3026 Π,
1249 2951 1277 3024 1,
1296 2973 1325 3017 v.
1343 2951 1384 3016 49
1413 2953 1557 3034 »grande
1572 2949 1733 3024 malum«,

242 3046 317 3126 quia
348 3043 380 3104 in
412 3040 500 3104 nullo
527 3040 639 3102 Flacci
671 3039 813 3101 carmine
847 3040 972 3100 maiore
1003 3039 1114 3102 studio
1145 3042 1340 3105 versabatur
1370 3040 1533 3116 Sidonius
1567 3059 1667 3122 quam
1700 3041 1734 3102 in

242 3134 376 3214 alterius
400 3130 472 3193 libri
496 3129 597 3192 satira
619 3129 736 3211 prima,
762 3146 860 3209 quam
886 3127 984 3190 ctiam
1016 3129 1048 3189 in
1072 3148 1178 3203 versu,
1205 3131 1259 3210 qui
1283 3133 1464 3212 insequitur
1487 3128 1580 3213 (214)
1610 3129 1732 3193 »verba

243 3224 350 3306 senis;
383 3221 473 3283 ducis
505 3219 598 3280 hinc«
633 3219 761 3280 videtur
793 3216 977 3299 adpellare3
1010 3217 1049 3279 cf.
1082 3219 1168 3281 enim
1192 3219 1272 3282 Hor.
1305 3232 1365 3287 sat.
1397 3219 1439 3295 ΙΙ,
1478 3244 1502 3304 t,
1527 3219 1588 3284 34:
1625 3221 1735 3282 »vita

242 3313 380 3390 senis;
413 3329 534 3390 sequor
572 3306 721 3370 hunc«.
762 3303 840 3367 Mira
873 3325 951 3368 sane
984 3307 1065 3368 haec
1099 3318 1149 3371 est
1180 3308 1384 3390 significatio,
1418 3310 1477 3373 sed
1509 3319 1599 3373 certe
1630 3309 1734 3390 digna

245 3406 465 3480 memoratur)
488 3395 584 3460 Tali
608 3397 855 3460 imitatione
873 3394 1158 3459 totaSidonii
1183 3399 1557 3462 ratioaemulandi
1583 3398 1736 3460 claris-

246 3491 367 3555 simis
391 3486 809 3550 radiisillustratur.
834 3483 900 3550 Sid.
924 3505 956 3548 v.
982 3483 1044 3548 221
1078 3505 1127 3567 sq.
1157 3505 1228 3550 »res
1260 3490 1340 3550 mira
1372 3499 1406 3552 et
1430 3490 1530 3570 digna
1556 3485 1669 3565 relatu,
1693 3522 1736 3532 -

247 3581 318 3660 regi
342 3575 504 3661 placuisse
528 3575 646 3638 feroci«
674 3585 812 3637 renovat
836 3575 1099 3638 recordationem
1130 3576 1291 3639 notissimi
1315 3598 1432 3640 versus
1465 3577 1647 3654 Horatiani,
1681 3575 1736 3656 qui

247 3682 298 3733 est
322 3669 417 3748 epist.
442 3664 468 3742 l,
496 3665 546 3746 17,
564 3662 607 3727 35
629 3664 847 3747 »principibus
864 3663 1027 3743 placuisse
1043 3664 1119 3726 viris
1144 3684 1209 3726 non
1232 3665 1346 3730 ultima
1369 3666 1440 3730 laus
1464 3679 1558 3732 est«
1585 3665 1737 3729 Sidonius

247 3758 325 3822 dicit
341 3776 372 3820 v,
391 3753 457 3820 250
484 3773 623 3818 »nomen
647 3756 763 3816 inane«
791 3754 928 3834 perinde
953 3761 991 3814 a'c
1015 3753 1271 3836 Flaccusepist.
1296 3754 1323 3838 Ι,
1350 3757 1400 3834 17,
1439 3757 1491 3836 41,
1524 3758 1577 3819 661
1599 3757 1738 3819 eandem

247 3867 362 3911 versus
386 3843 566 3908 clausulam
590 3844 811 3924 conspicimus
839 3862 979 3905 »nomen
1004 3842 1099 3906 inane
1124 3854 1209 3907 est‹.

253 4025 254 4030 ,
357 3968 426 4034 Sid.
440 3989 556 4035 versus
574 3967 641 4034 460
658 3989 705 4049 sq.
727 3978 915 4048 »optassem
941 3969 1056 4050 patriis
1081 3989 1215 4032 securus
1239 3970 1271 4032 in
1295 3973 1380 4034 arvis
1401 3968 1405 4056 Ι
1427 3971 1548 4036 fovisse
1572 3973 1734 4053 quietem‹

248 4063 300 4135 ad·
324 4059 514 4142 exemplum
539 4059 711 4122 Horatiani
744 4056 826 4120 illius
861 4059 996 4122 »beatus
1019 4057 1081 4133 ille,
1108 4060 1162 4139 qui
1187 4061 1300 4141 procul
1332 4063 1642 4144 negotiis-paterna
1666 4079 1739 4124 rura

249 4152 357 4216 bobus
382 4160 537 4213 exercet«
565 4148 675 4230 (epod.
700 4143 737 4209 ΙΙ
761 4143 842 4229 init.)
866 4146 1091 4211 conformatus
1120 4167 1194 4211 esse
1217 4159 1338 4229 potest.

357 4275 485 4338 Maiore
509 4283 620 4338 autem
645 4292 720 4335 cum
745 4270 809 4335 fide
841 4272 1107 4353 comparabimus
1132 4272 1199 4340 Sid.
1223 4295 1253 4337 v.
1281 4273 1347 4338 526
1371 4295 1419 4356 sq.
1448 4296 1565 4356 »quam
1590 4277 1740 4357 partibus

251 4366 363 4440 ambit,
411 4363 576 4460 Tyrrheni
618 4361 794 4441 Rhenique
831 4362 937 4443 liquor
972 4399 1015 4408 ·—
1051 4362 1092 4424 ab
1130 4363 1280 4444 Hispano
1323 4364 1503 4428 seclusam«
1545 4386 1620 4428 curn
1659 4366 1739 4431 Hor.

251 4493 279 4500 ..-

360 4542 378 4609 ¹)
400 4543 465 4592 hlihi
481 4543 583 4606 quidem
598 4542 725 4606 scriptura
742 4543 855 4603 ,dirum‘
872 4543 932 4591 ideo
948 4544 1116 4606 praeferenda
1132 4544 1244 4605 videtur,
1258 4544 1327 4607 quod
1344 4541 1442 4605 ,dirus“
1461 4553 1588 4610 tamquam
1605 4546 1741 4610 epitheton

252 4623 405 4683 perpetuum
427 4620 475 4669 est,
495 4615 566 4678 quod
586 4620 663 4676 poeta
683 4614 827 4663 Venusinus
848 4615 988 4663 Hannibali
1009 4616 1152 4664 attribuere
1175 4624 1326 4675 consuerat,
1345 4614 1384 4668 Cf.
1406 4618 1483 4666 etiam
1506 4615 1534 4671 P.
1553 4620 1696 4680 Schwartz,
1711 4619 1742 4666 de

253 4689 377 4755 Juvenale
399 4683 504 4740 Horatii
525 4686 656 4734 imitatore
677 4701 735 4748 pag.
756 4686 798 4734 28.

362 4755 385 4819 ²)
407 4758 469 4806 Cum
490 4757 603 4805 minutas
623 4756 687 4804 tales
717 4756 831 4804 dictones
860 4753 1003 4805 certissima
1031 4757 1189 4807 imitationis
1218 4758 1314 4807 indicia
1344 4761 1468 4823 praebere
1497 4761 1688 4820 intellexissent,
1717 4759 1742 4808 iu

253 4833 281 4880 in
303 4827 404 4878 tertiam
421 4829 485 4878 hanc
505 4827 665 4892 quaestionis
685 4834 782 4890 partem
803 4830 925 4876 nonnulla
945 4829 1032 4892 recepi
1052 4831 1177 4891 exempla,
1195 4846 1259 4892 6666
1279 4831 1382 4880 etiamsi
1402 4847 1450 4880 non
1471 4833 1585 4881 directae
1608 4832 1743 4880 relattouis

255 4902 366 4967 speciem
388 4915 450 4964 prae
484 4915 511 4947 sc
539 4899 628 4961 serant,
661 4899 722 4948 idco
754 4901 825 4948 nolui
858 4901 1001 4962 neglegere,
1033 4902 1093 4963 quia
1126 4899 1319 4951 Sidonium
1354 4903 1509 4952 occulte
1543 4903 1742 4953 Horatium

254 4971 408 5096 inRtati
429 4970 493 5020 mihi
513 4977 550 5019 est
579 4983 736 5034 persuasum.
775 4972 892 5034 Augetur
921 4973 996 5020 huius
1020 4972 1177 5021 imitationis
1206 4973 1268 5021 fides
1288 4975 1369 5022 alters
1398 4975 1466 5038 loco,
1496 4976 1540 5039 qui
1569 4982 1605 5024 est
1637 4975 1689 5024 siu.
1721 4993 1743 5027 c.

254 5047 277 5094 X
321 5045 407 5100 ,111.
