3876 5604
923 327 966 334 -
991 291 1097 354 22.-

446 503 560 566 dicitur
584 515 628 566 et
653 503 893 584 plaustris
916 503 1046 566 vexisse
1071 513 1225 584 poemata
1249 504 1471 584 Thespis,

445 610 528 672 quae
552 603 790 656 canerent
813 603 1016 673 agerentque
1041 595 1265 673 peruncti
1289 592 1512 657 faecibus
1537 616 1595 656 ora
1619 644 1625 659 .
1653 643 1693 658 ..

444 679 724 761 Aeschylus
748 691 782 745 et
803 683 939 744 modicis
964 683 1113 746 instravit
1138 682 1328 763 pulpita
1351 684 1449 763 tignis

445 779 478 833 et
502 771 613 833 docuit
637 790 858 852 magnumque
882 771 970 852 loqui
995 772 1117 854 nitique
1145 791 1194 834 co
1208 783 1221 836 t
1234 771 1256 834 h
1269 794 1289 835 u
1303 792 1317 833 r
1329 791 1350 833 n
1364 793 1395 836 o.

262 909 333 972 Vix
356 911 494 975 alterum
518 913 637 978 adferri
659 924 774 995 potest
797 925 1036 995 argumentum,
1062 933 1127 996 quo
1156 916 1271 980 eadem
1295 935 1369 977 cum
1393 917 1627 999 perspicuitate
1651 928 1751 999 atque

263 997 430 1065 evidentia
455 1004 674 1082 proprietates
699 1002 915 1067 imitationum
942 1003 1189 1068 Sidonianarum
1214 1005 1447 1070 sciscitantium
1480 1006 1581 1069 oculis
1606 1011 1749 1088 proponi

261 1090 399 1169 possint.
446 1090 603 1173 Undique
639 1091 726 1154 enim
762 1105 863 1173 poeta
897 1091 1027 1156 Horatii
1062 1114 1162 1158 voces
1197 1093 1357 1176 congerit,
1403 1097 1564 1159 dictiones
1601 1096 1748 1179 singulas

261 1180 373 1257 variat,
405 1179 581 1261 amplificat
614 1180 666 1244 vel
698 1183 863 1246 enuntiata
888 1182 1069 1246 Horatiana
1105 1181 1198 1248 aliter
1230 1185 1314 1247 inter
1350 1205 1386 1247 se
1422 1187 1594 1250 coniuncta
1630 1187 1750 1251 reddit.

260 1265 379 1331 Nonne
413 1271 499 1332 enim
533 1269 597 1332 hoc
629 1270 704 1333 loco
736 1281 808 1335 tota
842 1270 909 1334 iere
947 1271 1118 1348 vocabula,
1149 1284 1240 1336 totae
1274 1272 1465 1346 locutiones,
1497 1295 1582 1354 quae
1618 1277 1750 1356 quidem

261 1356 440 1439 singulares
472 1356 548 1441 sint,
583 1359 768 1424 indubitato
793 1380 958 1424 consensu
994 1362 1077 1425 inter
1112 1381 1149 1424 se
1185 1363 1386 1444 congruunt?
1446 1363 1580 1427 Vatium
1619 1367 1750 1427 nomina

264 1445 452 1530 »Thespis¹)
477 1458 509 1512 et
525 1448 734 1530 Aeschylus«
753 1447 882 1530 utrique
898 1447 1112 1530 descriptioni
1130 1450 1316 1513 communia
1333 1463 1417 1518 sunt.
1443 1451 1619 1517 Praeterea
1638 1473 1748 1526 voces,

261 1534 373 1617 quales
404 1547 495 1602 sunt:
526 1536 691 1622 plaustris,
722 1537 877 1614 faecibus,
912 1538 1047 1621 pulpita,
1088 1541 1258 1630 cothurno,
1289 1540 1482 1622 neutiquam
1506 1545 1601 1606 tritae
1637 1563 1748 1616 voces,

260 1636 294 1690 et
317 1645 337 1688 a
361 1625 534 1690 Venusino
558 1639 591 1692 et
619 1627 661 1692 ab
691 1626 909 1710 Lugdunensi
940 1639 1042 1710 poeta
1074 1641 1251 1711 usurpatae
1280 1642 1357 1695 sunt
1385 1632 1592 1712 eaedemque
1619 1633 1746 1704 iisdem,

260 1716 315 1796 qui
347 1727 515 1793 vocantur,
548 1714 680 1779 casibus
694 1713 729 1799 l²)
763 1718 847 1780 Dein
880 1732 1120 1798 componantur
1151 1717 1336 1784 locutiones
1367 1721 1515 1802 singulae
1545 1719 1632 1784 inter
1662 1742 1749 1785 sese:

259 1802 387 1867 Sidonii
416 1803 497 1868 illud
534 1806 676 1888 »pictum
706 1804 872 1870 faecibus«
906 1827 980 1870 curn
1015 1808 1198 1870 Horatiano
1234 1810 1402 1891 »peruncti
1435 1808 1582 1872 faecibus
1606 1831 1685 1872 ora«
1714 1824 1747 1874 et

263 1892 442 1974 »plaustris
467 1893 600 1958 vexisse
625 1906 782 1975 poemata
805 1894 1009 1980 Thespis‹.³)
1035 1895 1208 1961 Sidonium
1227 1899 1258 1959 in
1282 1899 1499 1980 exprimendo
1523 1900 1587 1962 hoc
1610 1898 1746 1963 Horatii

259 1982 334 2045 loco
358 1983 507 2065 exempli
531 1987 579 2047 sui
604 1995 810 2049 venustatem
841 2005 907 2048 non
931 1996 1143 2049 consecutum
1173 2007 1245 2050 esse
1270 2001 1390 2067 sponte
1414 1999 1565 2068 apparet.

366 2125 438 2190 Iam
462 2128 693 2193 continuemus
717 2127 807 2194 viam
823 2128 951 2196 initam.
998 2128 1037 2194 In
1062 2131 1180 2194 eodem
1209 2131 1415 2211 Apollinaris
1439 2133 1581 2194 carmine
1605 2130 1747 2197 historia

259 2215 398 2280 fabulari
423 2215 682 2300 eruditionisque
706 2218 818 2282 studio
841 2217 1020 2284 artificiose
1043 2219 1159 2284 inflato
1184 2219 1327 2303 legimus
1351 2243 1380 2285 v.
1406 2220 1448 2286 65
1475 2242 1546 2303 sqq.

580 2363 656 2426 Non
680 2376 794 2429 vectos
817 2363 949 2445 Minyas
973 2363 1128 2446 loquente
1154 2363 1238 2428 silva

578 2452 687 2518 dicam
711 2452 882 2518 Phlasiaco
907 2456 1041 2518 stetisse
1065 2467 1173 2537 portu,
1201 2453 1203 2538 l
1230 2474 1304 2518 cum
1332 2507 1337 2518 .
1364 2506 1368 2515 .

579 2543 719 2609 molliret
743 2545 877 2608 rabidos
900 2542 1019 2626 virago
1042 2555 1180 2609 tauros«

257 2684 351 2768 Quae
376 2687 476 2752 verba
501 2687 606 2770 petita
631 2709 703 2752 esse
727 2701 809 2772 puto
827 2710 869 2752 ex
893 2699 952 2754 art.
977 2701 1066 2771 poet.
1091 2688 1156 2754 392
1181 2711 1239 2770 sq,
1267 2689 1323 2754 ubi
1339 2690 1412 2772 ipse
1432 2689 1590 2753 Horatius
1622 2689 1746 2772 repetit

257 2795 277 2837 a
299 2775 508 2859 temporibus
532 2775 695 2842 heroicis:

257 2973 263 2987 .
288 2973 295 2986 .
320 2971 326 2984 .
351 2919 509 2988 deterruit
533 2920 701 3010 Orpheusl
718 2923 826 2988 dictus
850 2923 894 2988 ob
918 2924 982 2986 hoc
1006 2922 1108 2987 lenire
1132 2925 1236 3007 tigres
1259 2923 1461 3006 rabidosque
1486 2924 1598 2987 leones
1623 2945 1651 2987 e.
1673 2945 1704 3005 q.
1720 2943 1745 2989 s.

255 3064 307 3126 Ne
332 3063 454 3129 nimius
476 3063 549 3138 sim,
580 3086 694 3131 versus
722 3066 863 3149 reliquos
895 3070 1038 3151 neglego
1063 3068 1212 3151 prolerre
1242 3071 1387 3150 itemque
1412 3090 1440 3132 c.
1465 3067 1491 3139 Ι,
1520 3067 1572 3147 12,
1598 3069 1615 3130 t
1643 3066 1745 3150 sqq.⁴)

255 3164 289 3218 et
312 3174 340 3219 c.
364 3152 426 3230 III,
455 3156 504 3236 li,
533 3159 571 3220 13
586 3177 647 3239 sq.‚
672 3155 792 3238 quibus
809 3157 889 3220 locis
906 3156 1070 3223 adhibitis
1086 3169 1158 3224 tota
1174 3157 1228 3221 illa
1251 3157 1396 3223 imitatio
1414 3156 1546 3221 Horatii
1570 3171 1742 3238 tamquam

254 3242 449 3326 completur.
473 3246 567 3310 Loco
591 3257 701 3311 autem
733 3245 833 3311 allato
867 3249 1120 3329 comprehensio
1149 3249 1312 3312 »molliret
1337 3248 1468 3311 rabidos
1493 3258 1623 3311 tauros«
1652 3249 1741 3309 lucu·

254 3333 360 3396 lenter
383 3335 494 3416 prodit
517 3337 723 3401 imitatorem¹
738 3335 881 3410 Horatii,
907 3339 962 3418 qui
990 3339 1108 3400 »lenire
1132 3338 1265 3400 rabidos
1290 3337 1420 3399 leones«
1451 3335 1595 3418 scripsit.
1620 3334 1741 3418 Opini-

254 3420 329 3486 onis
353 3443 445 3487 meae
470 3424 550 3489 fides
580 3442 621 3489 eo
656 3436 804 3508 augetur,
835 3428 925 3506 quod
947 3425 1107 3491 Horatius
1138 3446 1298 3508 nusquam
1332 3425 1410 3488 alibi
1447 3427 1643 3489 vocabulum
1679 3427 1745 3488 sin-

256 3512 368 3594 gulare
408 3514 576 3578 ›rabidus‹
612 3513 768 3580 exhibet:
803 3537 887 3597 quae
920 3537 986 3578 vox
1020 3515 1115 3597 quasi
1148 3515 1320 3579 umbilicus
1353 3516 1449 3578 huius
1477 3512 1670 3579 imitationis
1694 3526 1745 3578 est

255 3604 410 3682 putanda.

360 3725 432 3791 Iam
456 3749 536 3794 vero
559 3726 667 3792 locum
692 3733 856 3812 quendam
879 3752 979 3812 quam
1007 3730 1201 3796 brevissime
1225 3731 1460 3813 perstrinxisse
1484 3729 1568 3794 satis
1595 3730 1738 3804 habebo,

254 3817 311 3900 qui
335 3838 440 3900 neque
474 3839 534 3882 nos
566 3840 672 3902 neque
706 3820 833 3884 Sidonii
865 3823 1079 3901 interpretum
1113 3820 1321 3886 sedulitatem
1357 3819 1536 3902 praeteriit,
1571 3819 1647 3884 dico
1669 3819 1740 3884 Sid.

253 3929 281 3974 c.
306 3906 435 3990 XXIII,
459 3929 489 3976 v.
514 3908 580 3974 235
604 3931 677 3993 sqq.

681 4049 714 4102 et
738 4050 771 4103 te
795 4058 853 4102 seu
877 4039 1047 4103 Latialiter
1071 4050 1244 4103 sonantem
1271 4088 1278 4101 .
1302 4087 1308 4102 .
1336 4086 1344 4102 .

679 4147 737 4190 seu
760 4126 892 4209 linguae
916 4129 1096 4210 Argolicae
1120 4125 1323 4192 rotunditate

254 4252 472 4333 Nequaquam
509 4251 734 4327 dubitandum,
774 4252 853 4335 quin
883 4254 1053 4317 Arvernus
1090 4252 1145 4317 ille
1189 4255 1251 4317 hos
1286 4273 1399 4316 versus
1442 4253 1563 4317 luderit
1605 4253 1738 4315 intuitus

254 4341 421 4423 praeclara
444 4343 525 4405 haec
551 4343 730 4406 Horatiana
754 4343 828 4426 (art.
851 4364 883 4424 p.
910 4365 937 4406 v.
963 4344 1026 4407 323
1051 4342 1131 4428 sq.):

362 4483 382 4552 ¹)
401 4488 539 4552 Thespidis
571 4503 663 4538 nomen
693 4484 763 4552 apud
792 4488 927 4554 utrumque
957 4499 1064 4553 poetam
1095 4485 1204 4539 laudatis
1230 4495 1329 4538 tuntum
1349 4490 1413 4538 locis
1432 4488 1595 4553 repe1·in1us;
1616 4486 1738 4548 Aeschyli

253 4575 344 4610 nomen
364 4561 433 4624 apud
452 4558 628 4624 Apollinarem
649 4561 690 4610 hic
711 4567 818 4615 tantum,
838 4563 905 4624 apud
923 4562 1044 4612 Flaccum
1065 4564 1142 4612 semel
1159 4561 1237 4610 etiam
1253 4559 1312 4626 (Ep.
1334 4559 1365 4625 ll,
1383 4564 1405 4624 1,
1428 4558 1490 4628 163)
1509 4559 1602 4623 legenti
1618 4559 1738 4614 occurrit,

254 4648 328 4698 quam
348 4648 399 4681 rem
419 4639 559 4681 memoratu
579 4633 681 4696 dignam
702 4649 757 4682 esse
778 4632 840 4681 mihi
862 4634 986 4696 persuasi.

360 4717 381 4789 ¹)
403 4725 475 4772 llaec
495 4738 535 4772 res
553 4723 614 4772 satir
634 4723 698 4772 mira
719 4739 766 4787 pro
787 4723 887 4772 Sidonii
907 4719 1052 4773 aemulandi
1071 4725 1171 4773 ratione
1193 4725 1235 4772 vix
1257 4725 1327 4774 casui
1349 4726 1448 4774 cuidam
1469 4724 1517 4772 erit
1537 4722 1694 4785 imputanda.

360 4811 381 4879 ³)
402 4813 540 4864 Horatium
559 4812 609 4862 hoc
628 4809 688 4862 loco
709 4828 800 4875 magno
819 4829 904 4863 errore
921 4815 1001 4863 teneri
1015 4821 1166 4864 monuerunt
1185 4815 1299 4878 Krueger
1315 4815 1340 4863 iu
1356 4819 1489 4864 comment.
1510 4813 1571 4861 edit.
1587 4807 1632 4878 (ci.
1652 4816 1738 4860 adnot.

253 4887 319 4935 hunc
348 4888 378 4934 ad
397 4886 493 4935 locuml
514 4891 539 4934 et
560 4885 674 4936 Guielm.
696 4885 790 4944 Christ,
811 4885 862 4933 litt.
884 4889 975 4935 Graec.
996 4881 1068 4938 hist,3
1088 4904 1113 4950 p.
1135 4885 1194 4937 208.
1218 4889 1301 4948 Quare
1323 4885 1456 4936 Sidonium
1480 4885 1590 4948 exempli
1606 4884 1646 4933 sui
1668 4900 1737 4933 erro·

253 4973 305 5006 rem
326 4956 411 5006 animo
431 4958 565 5006 imbibisse
585 4953 759 5020 intellegimus
784 4984 811 4992 -
832 4958 876 5006 sed
897 4972 946 5007 non
966 4958 1095 5008 miramur.

359 5043 380 5106 ⁴)
399 5043 468 5096 Idem
488 5047 538 5096 hoc
559 5063 657 5096 carmen
677 5047 851 5111 Apollinarem
871 5049 949 5098 semel
970 5047 1114 5113 iterumque
1133 5048 1276 5112 siguificare
1296 5050 1361 5098 inira
1383 5049 1523 5098 ostendere
1543 5047 1711 5098 studebimus
