<?xml version="1.0" encoding="UTF-8"?>
<!DOCTYPE html PUBLIC "-//W3C//DTD XHTML 1.0 Transitional//EN"
    "http://www.w3.org/TR/xhtml1/DTD/xhtml1-transitional.dtd">
<html xmlns="http://www.w3.org/1999/xhtml" xml:lang="en" lang="en">
 <head>
  <title>
</title>
<meta http-equiv="Content-Type" content="text/html;charset=utf-8" />
  <meta name='ocr-system' content='tesseract 3.04.00' />
  <meta name='ocr-capabilities' content='ocr_page ocr_carea ocr_par ocr_line ocrx_word'/>
</head>
<body>
  <div class='ocr_page' id='page_1' title='image "./declolliiapolli00schugoog_0071.png"; bbox 0 0 3876 5604; ppageno 0'>
   <div class='ocr_carea' id='block_1_1' title="bbox 1009 1413 1049 1478">
    <p class='ocr_par' dir='ltr' id='par_1_1' title="bbox 1009 1413 1049 1478">
     <span class='ocr_line' id='line_1_1' title="bbox 1009 1413 1049 1478; baseline 0.05 -2"><span class='ocrx_word' id='word_1_1' title='bbox 1009 1413 1049 1478; x_wconf 92' lang='lat' dir='ltr'><strong>V.</strong></span> 
     </span>
    </p>
   </div>
   <div class='ocr_carea' id='block_1_2' title="bbox 275 1554 1775 4502">
    <p class='ocr_par' dir='ltr' id='par_1_2' title="bbox 280 1554 1775 2157">
     <span class='ocr_line' id='line_1_2' title="bbox 288 1554 1775 1638; baseline -0.001 -19"><span class='ocrx_word' id='word_1_2' title='bbox 288 1591 292 1598; x_wconf 94' lang='lat'>·</span> <span class='ocrx_word' id='word_1_3' title='bbox 387 1557 424 1619; x_wconf 93' lang='lat' dir='ltr'><strong>In</strong></span> <span class='ocrx_word' id='word_1_4' title='bbox 460 1554 576 1620; x_wconf 92' lang='lat' dir='ltr'><strong>ultima</strong></span> <span class='ocrx_word' id='word_1_5' title='bbox 615 1557 676 1619; x_wconf 86' lang='lat' dir='ltr'><strong>hac</strong></span> <span class='ocrx_word' id='word_1_6' title='bbox 715 1555 918 1638; x_wconf 73' lang='lat' dir='ltr'>quaestionis</span> <span class='ocrx_word' id='word_1_7' title='bbox 950 1567 1044 1638; x_wconf 86' lang='lat' dir='ltr'><strong>parte</strong></span> <span class='ocrx_word' id='word_1_8' title='bbox 1077 1565 1272 1637; x_wconf 88' lang='lat' dir='ltr'><strong>congestum</strong></span> <span class='ocrx_word' id='word_1_9' title='bbox 1311 1573 1425 1620; x_wconf 89' lang='lat' dir='ltr'><strong>eorum</strong></span> <span class='ocrx_word' id='word_1_10' title='bbox 1451 1555 1609 1619; x_wconf 80' lang='lat' dir='ltr'><strong>locorum</strong></span> <span class='ocrx_word' id='word_1_11' title='bbox 1647 1576 1775 1637; x_wconf 90' lang='lat' dir='ltr'><strong>propo·</strong></span> 
     </span>
     <span class='ocr_line' id='line_1_3' title="bbox 281 1643 1775 1729; baseline -0.001 -21"><span class='ocrx_word' id='word_1_12' title='bbox 281 1646 404 1709; x_wconf 90' lang='lat' dir='ltr'><strong>siturus</strong></span> <span class='ocrx_word' id='word_1_13' title='bbox 436 1666 520 1720; x_wconf 90' lang='lat' dir='ltr'><strong>sum,</strong></span> <span class='ocrx_word' id='word_1_14' title='bbox 556 1647 610 1728; x_wconf 90' lang='lat' dir='ltr'><strong>qui</strong></span> <span class='ocrx_word' id='word_1_15' title='bbox 635 1648 684 1710; x_wconf 89' lang='lat' dir='ltr'><strong>ad</strong></span> <span class='ocrx_word' id='word_1_16' title='bbox 709 1643 928 1728; x_wconf 76' lang='lat' dir='ltr'>epistulas</span> <span class='ocrx_word' id='word_1_17' title='bbox 951 1643 1158 1726; x_wconf 83' lang='lat' dir='ltr'><strong>Apollinaris</strong></span> <span class='ocrx_word' id='word_1_18' title='bbox 1183 1643 1312 1708; x_wconf 91' lang='lat' dir='ltr'><strong>Sidoni1</strong></span> <span class='ocrx_word' id='word_1_19' title='bbox 1335 1645 1514 1727; x_wconf 87' lang='lat' dir='ltr'><strong>pertinent.</strong></span> <span class='ocrx_word' id='word_1_20' title='bbox 1545 1643 1585 1707; x_wconf 92' lang='lat' dir='ltr'><strong>In</strong></span> <span class='ocrx_word' id='word_1_21' title='bbox 1618 1644 1775 1729; x_wconf 86' lang='lat' dir='ltr'><strong>epistulis</strong></span> 
     </span>
     <span class='ocr_line' id='line_1_4' title="bbox 280 1733 1774 1817; baseline -0.001 -18"><span class='ocrx_word' id='word_1_22' title='bbox 280 1733 480 1810; x_wconf 90' lang='lat' dir='ltr'><strong>Sidonianis,</strong></span> <span class='ocrx_word' id='word_1_23' title='bbox 506 1737 655 1817; x_wconf 89' lang='lat' dir='ltr'><strong>quamvis</strong></span> <span class='ocrx_word' id='word_1_24' title='bbox 679 1736 782 1800; x_wconf 93' lang='lat' dir='ltr'><strong>multo</strong></span> <span class='ocrx_word' id='word_1_25' title='bbox 807 1733 913 1797; x_wconf 91' lang='lat' dir='ltr'><strong>maius</strong></span> <span class='ocrx_word' id='word_1_26' title='bbox 937 1754 1039 1816; x_wconf 89' lang='lat' dir='ltr'><strong>quam</strong></span> <span class='ocrx_word' id='word_1_27' title='bbox 1060 1733 1204 1797; x_wconf 90' lang='lat' dir='ltr'><strong>carmina</strong></span> <span class='ocrx_word' id='word_1_28' title='bbox 1221 1733 1365 1815; x_wconf 87' lang='lat' dir='ltr'><strong>spatium</strong></span> <span class='ocrx_word' id='word_1_29' title='bbox 1390 1734 1554 1816; x_wconf 87' lang='lat' dir='ltr'><strong>expleant,</strong></span> <span class='ocrx_word' id='word_1_30' title='bbox 1580 1748 1692 1798; x_wconf 91' lang='lat' dir='ltr'><strong>tamen</strong></span> <span class='ocrx_word' id='word_1_31' title='bbox 1718 1733 1774 1798; x_wconf 94' lang='lat' dir='ltr'><strong>di-</strong></span> 
     </span>
     <span class='ocr_line' id='line_1_5' title="bbox 280 1822 1771 1906; baseline 0.001 -21"><span class='ocrx_word' id='word_1_32' title='bbox 280 1823 396 1906; x_wconf 85' lang='lat' dir='ltr'><strong>ligenti</strong></span> <span class='ocrx_word' id='word_1_33' title='bbox 419 1824 563 1889; x_wconf 89' lang='lat' dir='ltr'><strong>lectione</strong></span> <span class='ocrx_word' id='word_1_34' title='bbox 587 1823 729 1906; x_wconf 89' lang='lat' dir='ltr'><strong>repetita</strong></span> <span class='ocrx_word' id='word_1_35' title='bbox 752 1826 848 1906; x_wconf 89' lang='lat' dir='ltr'><strong>pauci</strong></span> <span class='ocrx_word' id='word_1_36' title='bbox 872 1822 953 1886; x_wconf 91' lang='lat' dir='ltr'><strong>mibi</strong></span> <span class='ocrx_word' id='word_1_37' title='bbox 977 1834 1185 1888; x_wconf 90' lang='lat' dir='ltr'><strong>occurrerunt</strong></span> <span class='ocrx_word' id='word_1_38' title='bbox 1209 1823 1282 1898; x_wconf 93' lang='lat' dir='ltr'><strong>loci,</strong></span> <span class='ocrx_word' id='word_1_39' title='bbox 1308 1823 1365 1904; x_wconf 92' lang='lat' dir='ltr'><strong>qui</strong></span> <span class='ocrx_word' id='word_1_40' title='bbox 1389 1844 1454 1886; x_wconf 92' lang='lat' dir='ltr'><strong>non</strong></span> <span class='ocrx_word' id='word_1_41' title='bbox 1479 1844 1593 1887; x_wconf 89' lang='lat' dir='ltr'><strong>omnes</strong></span> <span class='ocrx_word' id='word_1_42' title='bbox 1618 1823 1771 1887; x_wconf 85' lang='lat' dir='ltr'><strong>directae</strong></span> 
     </span>
     <span class='ocr_line' id='line_1_6' title="bbox 280 1911 1770 1996; baseline -0.001 -21"><span class='ocrx_word' id='word_1_43' title='bbox 280 1911 449 1978; x_wconf 89' lang='lat' dir='ltr'><strong>relationis</strong></span> <span class='ocrx_word' id='word_1_44' title='bbox 471 1912 595 1977; x_wconf 88' lang='lat' dir='ltr'><strong>indicia</strong></span> <span class='ocrx_word' id='word_1_45' title='bbox 618 1934 697 1996; x_wconf 88' lang='lat' dir='ltr'><strong>prae</strong></span> <span class='ocrx_word' id='word_1_46' title='bbox 721 1935 756 1978; x_wconf 91' lang='lat' dir='ltr'><strong>se</strong></span> <span class='ocrx_word' id='word_1_47' title='bbox 780 1914 896 1980; x_wconf 88' lang='lat' dir='ltr'><strong>ferunt.</strong></span> <span class='ocrx_word' id='word_1_48' title='bbox 921 1914 1037 1995; x_wconf 91' lang='lat' dir='ltr'><strong>Neque</strong></span> <span class='ocrx_word' id='word_1_49' title='bbox 1062 1911 1211 1995; x_wconf 89' lang='lat' dir='ltr'><strong>proiecto</strong></span> <span class='ocrx_word' id='word_1_50' title='bbox 1235 1911 1270 1975; x_wconf 92' lang='lat' dir='ltr'><strong>id</strong></span> <span class='ocrx_word' id='word_1_51' title='bbox 1295 1915 1425 1976; x_wconf 89' lang='lat' dir='ltr'><strong>mirum:</strong></span> <span class='ocrx_word' id='word_1_52' title='bbox 1454 1913 1631 1977; x_wconf 90' lang='lat' dir='ltr'><strong>Poetam</strong></span> <span class='ocrx_word' id='word_1_53' title='bbox 1656 1914 1770 1976; x_wconf 92' lang='lat' dir='ltr'><strong>enim</strong></span> 
     </span>
     <span class='ocr_line' id='line_1_7' title="bbox 280 2002 1770 2085; baseline -0.001 -20"><span class='ocrx_word' id='word_1_54' title='bbox 280 2013 440 2085; x_wconf 88' lang='lat' dir='ltr'><strong>poetae</strong></span> <span class='ocrx_word' id='word_1_55' title='bbox 475 2002 792 2069; x_wconf 89' lang='lat' dir='ltr'><strong>auctoritatem</strong></span> <span class='ocrx_word' id='word_1_56' title='bbox 835 2004 1113 2085; x_wconf 89' lang='lat' dir='ltr'><strong>inpoematis</strong></span> <span class='ocrx_word' id='word_1_57' title='bbox 1145 2003 1424 2084; x_wconf 91' lang='lat' dir='ltr'><strong>potissimum</strong></span> <span class='ocrx_word' id='word_1_58' title='bbox 1463 2013 1668 2085; x_wconf 90' lang='lat' dir='ltr'><strong>spectare</strong></span> <span class='ocrx_word' id='word_1_59' title='bbox 1693 2021 1770 2082; x_wconf 91' lang='lat' dir='ltr'><strong>pro·</strong></span> 
     </span>
     <span class='ocr_line' id='line_1_8' title="bbox 280 2091 546 2157; baseline 0.004 -2"><span class='ocrx_word' id='word_1_60' title='bbox 280 2091 388 2156; x_wconf 88' lang='lat' dir='ltr'><strong>babile</strong></span> <span class='ocrx_word' id='word_1_61' title='bbox 411 2093 546 2157; x_wconf 89' lang='lat' dir='ltr'><strong>videtur.</strong></span> 
     </span>
    </p>

    <p class='ocr_par' dir='ltr' id='par_1_3' title="bbox 280 2178 1770 2532">
     <span class='ocr_line' id='line_1_9' title="bbox 390 2178 1770 2264; baseline -0.001 -20"><span class='ocrx_word' id='word_1_62' title='bbox 390 2183 563 2246; x_wconf 85' lang='lat' dir='ltr'><strong>Materiam</strong></span> <span class='ocrx_word' id='word_1_63' title='bbox 587 2179 696 2263; x_wconf 76' lang='lat' dir='ltr'><strong>igitur,</strong></span> <span class='ocrx_word' id='word_1_64' title='bbox 720 2199 805 2263; x_wconf 92' lang='lat' dir='ltr'><strong>quae</strong></span> <span class='ocrx_word' id='word_1_65' title='bbox 828 2178 911 2243; x_wconf 91' lang='lat' dir='ltr'><strong>mihi</strong></span> <span class='ocrx_word' id='word_1_66' title='bbox 934 2191 1068 2264; x_wconf 88' lang='lat' dir='ltr'><strong>praesto</strong></span> <span class='ocrx_word' id='word_1_67' title='bbox 1093 2191 1152 2256; x_wconf 92' lang='lat' dir='ltr'><strong>est,</strong></span> <span class='ocrx_word' id='word_1_68' title='bbox 1186 2181 1218 2243; x_wconf 91' lang='lat' dir='ltr'><strong>in</strong></span> <span class='ocrx_word' id='word_1_69' title='bbox 1242 2182 1322 2245; x_wconf 92' lang='lat' dir='ltr'><strong>duas</strong></span> <span class='ocrx_word' id='word_1_70' title='bbox 1347 2179 1460 2244; x_wconf 91' lang='lat' dir='ltr'><strong>divido</strong></span> <span class='ocrx_word' id='word_1_71' title='bbox 1485 2185 1607 2263; x_wconf 87' lang='lat' dir='ltr'><strong>partes.</strong></span> <span class='ocrx_word' id='word_1_72' title='bbox 1655 2179 1770 2244; x_wconf 88' lang='lat' dir='ltr'><strong>Priore</strong></span> 
     </span>
     <span class='ocr_line' id='line_1_10' title="bbox 280 2267 1768 2352; baseline -0.001 -19"><span class='ocrx_word' id='word_1_73' title='bbox 280 2281 375 2352; x_wconf 91' lang='lat' dir='ltr'><strong>parte</strong></span> <span class='ocrx_word' id='word_1_74' title='bbox 398 2273 440 2334; x_wconf 93' lang='lat' dir='ltr'><strong>de</strong></span> <span class='ocrx_word' id='word_1_75' title='bbox 464 2270 625 2334; x_wconf 90' lang='lat' dir='ltr'><strong>nonnullis</strong></span> <span class='ocrx_word' id='word_1_76' title='bbox 649 2267 731 2333; x_wconf 91' lang='lat' dir='ltr'><strong>locis</strong></span> <span class='ocrx_word' id='word_1_77' title='bbox 755 2289 812 2333; x_wconf 94' lang='lat' dir='ltr'><strong>seu</strong></span> <span class='ocrx_word' id='word_1_78' title='bbox 827 2271 869 2333; x_wconf 90' lang='lat' dir='ltr'><strong>ab</strong></span> <span class='ocrx_word' id='word_1_79' title='bbox 884 2281 954 2333; x_wconf 87' lang='lat' dir='ltr'><strong>arte</strong></span> <span class='ocrx_word' id='word_1_80' title='bbox 979 2268 1092 2333; x_wconf 90' lang='lat' dir='ltr'><strong>critica</strong></span> <span class='ocrx_word' id='word_1_81' title='bbox 1115 2291 1173 2333; x_wconf 90' lang='lat' dir='ltr'><strong>seu</strong></span> <span class='ocrx_word' id='word_1_82' title='bbox 1198 2271 1240 2333; x_wconf 92' lang='lat' dir='ltr'><strong>ab</strong></span> <span class='ocrx_word' id='word_1_83' title='bbox 1264 2268 1462 2335; x_wconf 89' lang='lat' dir='ltr'><strong>imitationis</strong></span> <span class='ocrx_word' id='word_1_84' title='bbox 1486 2272 1613 2335; x_wconf 88' lang='lat' dir='ltr'><strong>ratione</strong></span> <span class='ocrx_word' id='word_1_85' title='bbox 1637 2288 1768 2333; x_wconf 92' lang='lat' dir='ltr'><strong>merno-</strong></span> 
     </span>
     <span class='ocr_line' id='line_1_11' title="bbox 280 2357 1769 2443; baseline 0 -21"><span class='ocrx_word' id='word_1_86' title='bbox 280 2360 434 2424; x_wconf 90' lang='lat' dir='ltr'><strong>rabilibus</strong></span> <span class='ocrx_word' id='word_1_87' title='bbox 469 2360 654 2440; x_wconf 86' lang='lat' dir='ltr'><strong>disputabo,</strong></span> <span class='ocrx_word' id='word_1_88' title='bbox 694 2365 877 2440; x_wconf 89' lang='lat' dir='ltr'><strong>posteriore</strong></span> <span class='ocrx_word' id='word_1_89' title='bbox 913 2357 1113 2442; x_wconf 88' lang='lat' dir='ltr'><strong>reliquorum</strong></span> <span class='ocrx_word' id='word_1_90' title='bbox 1148 2360 1305 2433; x_wconf 85' lang='lat' dir='ltr'><strong>locorum,</strong></span> <span class='ocrx_word' id='word_1_91' title='bbox 1341 2360 1397 2443; x_wconf 92' lang='lat' dir='ltr'><strong>qui</strong></span> <span class='ocrx_word' id='word_1_92' title='bbox 1429 2361 1471 2423; x_wconf 90' lang='lat' dir='ltr'><strong>ad</strong></span> <span class='ocrx_word' id='word_1_93' title='bbox 1495 2359 1605 2424; x_wconf 87' lang='lat' dir='ltr'><strong>Flacci</strong></span> <span class='ocrx_word' id='word_1_94' title='bbox 1638 2358 1769 2422; x_wconf 91' lang='lat' dir='ltr'><strong>dicendi</strong></span> 
     </span>
     <span class='ocr_line' id='line_1_12' title="bbox 281 2447 1200 2532; baseline 0.001 -21"><span class='ocrx_word' id='word_1_95' title='bbox 281 2470 385 2531; x_wconf 86' lang='lat' dir='ltr'><strong>genus</strong></span> <span class='ocrx_word' id='word_1_96' title='bbox 409 2447 547 2532; x_wconf 91' lang='lat' dir='ltr'><strong>propius</strong></span> <span class='ocrx_word' id='word_1_97' title='bbox 570 2450 740 2524; x_wconf 91' lang='lat' dir='ltr'><strong>accedunt,</strong></span> <span class='ocrx_word' id='word_1_98' title='bbox 766 2468 951 2531; x_wconf 88' lang='lat' dir='ltr'><strong>proponam</strong></span> <span class='ocrx_word' id='word_1_99' title='bbox 976 2459 1200 2530; x_wconf 88' lang='lat' dir='ltr'><strong>conspectum.</strong></span> 
     </span>
    </p>

    <p class='ocr_par' dir='ltr' id='par_1_4' title="bbox 276 2535 1768 3965">
     <span class='ocr_line' id='line_1_13' title="bbox 387 2535 1767 2621; baseline -0.003 -19"><span class='ocrx_word' id='word_1_100' title='bbox 387 2538 525 2602; x_wconf 90' lang='lat' dir='ltr'><strong>Sidonio</strong></span> <span class='ocrx_word' id='word_1_101' title='bbox 549 2541 580 2601; x_wconf 92' lang='lat' dir='ltr'><strong>in</strong></span> <span class='ocrx_word' id='word_1_102' title='bbox 603 2541 716 2619; x_wconf 88' lang='lat' dir='ltr'><strong>quinta</strong></span> <span class='ocrx_word' id='word_1_103' title='bbox 740 2536 812 2601; x_wconf 92' lang='lat' dir='ltr'><strong>libri</strong></span> <span class='ocrx_word' id='word_1_104' title='bbox 843 2539 939 2619; x_wconf 88' lang='lat' dir='ltr'><strong>primi</strong></span> <span class='ocrx_word' id='word_1_105' title='bbox 963 2538 1103 2621; x_wconf 82' lang='lat' dir='ltr'><strong>epistula</strong></span> <span class='ocrx_word' id='word_1_106' title='bbox 1134 2539 1367 2621; x_wconf 90' lang='lat' dir='ltr'><strong>perscribenda</strong></span> <span class='ocrx_word' id='word_1_107' title='bbox 1390 2537 1521 2604; x_wconf 90' lang='lat' dir='ltr'><strong>Horatii</strong></span> <span class='ocrx_word' id='word_1_108' title='bbox 1546 2541 1608 2602; x_wconf 91' lang='lat' dir='ltr'><strong>iter</strong></span> <span class='ocrx_word' id='word_1_109' title='bbox 1631 2535 1767 2601; x_wconf 91' lang='lat' dir='ltr'><strong>Brundi·</strong></span> 
     </span>
     <span class='ocr_line' id='line_1_14' title="bbox 279 2627 1768 2710; baseline 0.001 -20"><span class='ocrx_word' id='word_1_110' title='bbox 279 2630 384 2692; x_wconf 89' lang='lat' dir='ltr'><strong>sinum</strong></span> <span class='ocrx_word' id='word_1_111' title='bbox 411 2631 485 2708; x_wconf 92' lang='lat' dir='ltr'><strong>(sat.</strong></span> <span class='ocrx_word' id='word_1_112' title='bbox 500 2630 523 2704; x_wconf 91' lang='lat' dir='ltr'><strong>I,</strong></span> <span class='ocrx_word' id='word_1_113' title='bbox 541 2627 572 2710; x_wconf 89' lang='grc'><strong>5)</strong></span> <span class='ocrx_word' id='word_1_114' title='bbox 596 2639 672 2692; x_wconf 92' lang='lat' dir='ltr'><strong>ante</strong></span> <span class='ocrx_word' id='word_1_115' title='bbox 687 2627 800 2693; x_wconf 91' lang='lat' dir='ltr'><strong>oculos</strong></span> <span class='ocrx_word' id='word_1_116' title='bbox 817 2627 1027 2691; x_wconf 87' lang='lat' dir='ltr'><strong>obversatum</strong></span> <span class='ocrx_word' id='word_1_117' title='bbox 1052 2647 1125 2690; x_wconf 89' lang='lat' dir='ltr'><strong>esse</strong></span> <span class='ocrx_word' id='word_1_118' title='bbox 1148 2647 1215 2691; x_wconf 91' lang='lat' dir='ltr'><strong>non</strong></span> <span class='ocrx_word' id='word_1_119' title='bbox 1238 2629 1308 2691; x_wconf 89' lang='lat' dir='ltr'><strong>sinc</strong></span> <span class='ocrx_word' id='word_1_120' title='bbox 1332 2648 1431 2690; x_wconf 91' lang='lat' dir='ltr'><strong>causa</strong></span> <span class='ocrx_word' id='word_1_121' title='bbox 1454 2629 1638 2709; x_wconf 90' lang='lat' dir='ltr'><strong>suspicatur</strong></span> <span class='ocrx_word' id='word_1_122' title='bbox 1655 2628 1768 2692; x_wconf 85' lang='lat' dir='ltr'><strong>Herm.</strong></span> 
     </span>
     <span class='ocr_line' id='line_1_15' title="bbox 279 2715 1767 2800; baseline 0.001 -20"><span class='ocrx_word' id='word_1_123' title='bbox 279 2717 501 2799; x_wconf 82' lang='lat' dir='ltr'><strong>Paldamus¹)‚</strong></span> <span class='ocrx_word' id='word_1_124' title='bbox 526 2716 583 2800; x_wconf 89' lang='lat' dir='ltr'><strong>qui</strong></span> <span class='ocrx_word' id='word_1_125' title='bbox 607 2715 797 2799; x_wconf 89' lang='lat' dir='ltr'><strong>opinionem</strong></span> <span class='ocrx_word' id='word_1_126' title='bbox 822 2737 913 2780; x_wconf 88' lang='lat' dir='ltr'><strong>suam</strong></span> <span class='ocrx_word' id='word_1_127' title='bbox 937 2716 1032 2780; x_wconf 92' lang='lat' dir='ltr'><strong>nullis</strong></span> <span class='ocrx_word' id='word_1_128' title='bbox 1056 2715 1260 2799; x_wconf 84' lang='lat' dir='ltr'><strong>argumentis</strong></span> <span class='ocrx_word' id='word_1_129' title='bbox 1284 2716 1379 2782; x_wconf 92' lang='lat' dir='ltr'><strong>fulsit.</strong></span> <span class='ocrx_word' id='word_1_130' title='bbox 1403 2716 1465 2782; x_wconf 91' lang='lat' dir='ltr'><strong>Cui</strong></span> <span class='ocrx_word' id='word_1_131' title='bbox 1489 2720 1649 2781; x_wconf 86' lang='lat' dir='ltr'><strong>adsensus</strong></span> <span class='ocrx_word' id='word_1_132' title='bbox 1668 2716 1767 2782; x_wconf 90' lang='lat' dir='ltr'><strong>Mart.</strong></span> 
     </span>
     <span class='ocr_line' id='line_1_16' title="bbox 280 2804 1765 2892; baseline -0.001 -22"><span class='ocrx_word' id='word_1_133' title='bbox 280 2807 380 2872; x_wconf 85' lang='lat' dir='ltr'><strong>Hertz</strong></span> <span class='ocrx_word' id='word_1_134' title='bbox 392 2805 417 2892; x_wconf 77' lang='grc'><strong>2)</strong></span> <span class='ocrx_word' id='word_1_135' title='bbox 442 2818 553 2872; x_wconf 89' lang='lat' dir='ltr'><strong>censet</strong></span> <span class='ocrx_word' id='word_1_136' title='bbox 576 2807 650 2870; x_wconf 94' lang='lat' dir='ltr'><strong>huic</strong></span> <span class='ocrx_word' id='word_1_137' title='bbox 673 2806 830 2888; x_wconf 91' lang='lat' dir='ltr'><strong>epistulae</strong></span> <span class='ocrx_word' id='word_1_138' title='bbox 855 2808 897 2869; x_wconf 92' lang='lat' dir='ltr'><strong>ab</strong></span> <span class='ocrx_word' id='word_1_139' title='bbox 921 2804 1117 2888; x_wconf 88' lang='lat' dir='ltr'><strong>Apollinare</strong></span> <span class='ocrx_word' id='word_1_140' title='bbox 1149 2805 1300 2870; x_wconf 91' lang='lat' dir='ltr'><strong>consulto</strong></span> <span class='ocrx_word' id='word_1_141' title='bbox 1331 2809 1412 2870; x_wconf 91' lang='lat' dir='ltr'><strong>inter</strong></span> <span class='ocrx_word' id='word_1_142' title='bbox 1440 2806 1599 2888; x_wconf 89' lang='lat' dir='ltr'><strong>epistulas</strong></span> <span class='ocrx_word' id='word_1_143' title='bbox 1625 2807 1765 2869; x_wconf 89' lang='lat' dir='ltr'><strong>eundem</strong></span> 
     </span>
     <span class='ocr_line' id='line_1_17' title="bbox 278 2894 1767 2978; baseline 0.001 -20"><span class='ocrx_word' id='word_1_144' title='bbox 278 2896 387 2959; x_wconf 91' lang='lat' dir='ltr'><strong>locum</strong></span> <span class='ocrx_word' id='word_1_145' title='bbox 412 2898 620 2978; x_wconf 84' lang='lat' dir='ltr'><strong>adsignatum</strong></span> <span class='ocrx_word' id='word_1_146' title='bbox 644 2917 727 2970; x_wconf 92' lang='lat' dir='ltr'><strong>csse,</strong></span> <span class='ocrx_word' id='word_1_147' title='bbox 760 2917 857 2977; x_wconf 92' lang='lat' dir='ltr'><strong>quem</strong></span> <span class='ocrx_word' id='word_1_148' title='bbox 882 2898 981 2960; x_wconf 88' lang='lat' dir='ltr'><strong>satira</strong></span> <span class='ocrx_word' id='word_1_149' title='bbox 1011 2894 1066 2958; x_wconf 91' lang='lat' dir='ltr'><strong>illa</strong></span> <span class='ocrx_word' id='word_1_150' title='bbox 1090 2897 1174 2959; x_wconf 91' lang='lat' dir='ltr'><strong>inter</strong></span> <span class='ocrx_word' id='word_1_151' title='bbox 1205 2914 1375 2978; x_wconf 89' lang='lat' dir='ltr'><strong>sermones</strong></span> <span class='ocrx_word' id='word_1_152' title='bbox 1400 2895 1603 2960; x_wconf 88' lang='lat' dir='ltr'><strong>Horatianos</strong></span> <span class='ocrx_word' id='word_1_153' title='bbox 1628 2895 1767 2960; x_wconf 91' lang='lat' dir='ltr'><strong>obtinet.</strong></span> 
     </span>
     <span class='ocr_line' id='line_1_18' title="bbox 279 2983 1767 3068; baseline 0.001 -20"><span class='ocrx_word' id='word_1_154' title='bbox 279 2987 316 3052; x_wconf 90' lang='lat' dir='ltr'><strong>E.</strong></span> <span class='ocrx_word' id='word_1_155' title='bbox 342 2983 555 3068; x_wconf 60' lang='lat' dir='ltr'><strong>Geislerusn,</strong></span> <span class='ocrx_word' id='word_1_156' title='bbox 579 2985 702 3050; x_wconf 86' lang='lat' dir='ltr'><strong>Hertzii</strong></span> <span class='ocrx_word' id='word_1_157' title='bbox 727 2985 915 3067; x_wconf 90' lang='lat' dir='ltr'><strong>discipulus,</strong></span> <span class='ocrx_word' id='word_1_158' title='bbox 948 2985 1010 3048; x_wconf 91' lang='lat' dir='ltr'><strong>hac</strong></span> <span class='ocrx_word' id='word_1_159' title='bbox 1034 2986 1075 3048; x_wconf 92' lang='lat' dir='ltr'><strong>de</strong></span> <span class='ocrx_word' id='word_1_160' title='bbox 1098 3005 1133 3047; x_wconf 94' lang='lat' dir='ltr'><strong>re</strong></span> <span class='ocrx_word' id='word_1_161' title='bbox 1158 3005 1230 3048; x_wconf 91' lang='lat' dir='ltr'><strong>cum</strong></span> <span class='ocrx_word' id='word_1_162' title='bbox 1255 2988 1414 3067; x_wconf 86' lang='lat' dir='ltr'><strong>magistro</strong></span> <span class='ocrx_word' id='word_1_163' title='bbox 1438 3005 1572 3066; x_wconf 91' lang='lat' dir='ltr'><strong>prorsus</strong></span> <span class='ocrx_word' id='word_1_164' title='bbox 1595 2986 1767 3049; x_wconf 90' lang='lat' dir='ltr'><strong>consentit.</strong></span> 
     </span>
     <span class='ocr_line' id='line_1_19' title="bbox 278 3073 1767 3158; baseline -0.001 -21"><span class='ocrx_word' id='word_1_165' title='bbox 278 3077 445 3158; x_wconf 89' lang='lat' dir='ltr'><strong>Equidem</strong></span> <span class='ocrx_word' id='word_1_166' title='bbox 469 3073 578 3139; x_wconf 89' lang='lat' dir='ltr'><strong>doctis</strong></span> <span class='ocrx_word' id='word_1_167' title='bbox 594 3073 647 3138; x_wconf 87' lang='lat' dir='ltr'><strong>his</strong></span> <span class='ocrx_word' id='word_1_168' title='bbox 670 3073 750 3137; x_wconf 89' lang='lat' dir='ltr'><strong>viris</strong></span> <span class='ocrx_word' id='word_1_169' title='bbox 774 3075 902 3137; x_wconf 90' lang='lat' dir='ltr'><strong>Horatii</strong></span> <span class='ocrx_word' id='word_1_170' title='bbox 926 3074 1034 3140; x_wconf 89' lang='lat' dir='ltr'><strong>verbis</strong></span> <span class='ocrx_word' id='word_1_171' title='bbox 1059 3094 1136 3137; x_wconf 90' lang='lat' dir='ltr'><strong>usus</strong></span> <span class='ocrx_word' id='word_1_172' title='bbox 1159 3077 1347 3154; x_wconf 91' lang='lat' dir='ltr'><strong>repondeo:</strong></span> <span class='ocrx_word' id='word_1_173' title='bbox 1374 3076 1495 3139; x_wconf 90' lang='lat' dir='ltr'><strong>Credat</strong></span> <span class='ocrx_word' id='word_1_174' title='bbox 1518 3075 1602 3137; x_wconf 86' lang='lat' dir='ltr'><strong>haec</strong></span> <span class='ocrx_word' id='word_1_175' title='bbox 1625 3075 1767 3151; x_wconf 89' lang='lat' dir='ltr'><strong>Iudaeus</strong></span> 
     </span>
     <span class='ocr_line' id='line_1_20' title="bbox 278 3161 1767 3246; baseline -0.001 -20"><span class='ocrx_word' id='word_1_176' title='bbox 278 3164 411 3246; x_wconf 85' lang='lat' dir='ltr'><strong>Apella,</strong></span> <span class='ocrx_word' id='word_1_177' title='bbox 436 3185 501 3228; x_wconf 91' lang='lat' dir='ltr'><strong>non</strong></span> <span class='ocrx_word' id='word_1_178' title='bbox 526 3185 600 3246; x_wconf 78' lang='lat' dir='ltr'><strong>ego,</strong></span> <span class='ocrx_word' id='word_1_179' title='bbox 625 3162 799 3246; x_wconf 89' lang='lat' dir='ltr'><strong>Spinosior</strong></span> <span class='ocrx_word' id='word_1_180' title='bbox 822 3174 909 3228; x_wconf 91' lang='lat' dir='ltr'><strong>certe</strong></span> <span class='ocrx_word' id='word_1_181' title='bbox 933 3183 1032 3246; x_wconf 91' lang='lat' dir='ltr'><strong>quam</strong></span> <span class='ocrx_word' id='word_1_182' title='bbox 1056 3165 1164 3226; x_wconf 89' lang='lat' dir='ltr'><strong>verior</strong></span> <span class='ocrx_word' id='word_1_183' title='bbox 1187 3164 1268 3226; x_wconf 90' lang='lat' dir='ltr'><strong>haec</strong></span> <span class='ocrx_word' id='word_1_184' title='bbox 1293 3166 1454 3228; x_wconf 91' lang='lat' dir='ltr'><strong>sententia</strong></span> <span class='ocrx_word' id='word_1_185' title='bbox 1479 3175 1538 3230; x_wconf 89' lang='lat' dir='ltr'><strong>est.</strong></span> <span class='ocrx_word' id='word_1_186' title='bbox 1563 3165 1650 3227; x_wconf 90' lang='lat' dir='ltr'><strong>Nam</strong></span> <span class='ocrx_word' id='word_1_187' title='bbox 1674 3161 1767 3226; x_wconf 90' lang='lat' dir='ltr'><strong>Sido·</strong></span> 
     </span>
     <span class='ocr_line' id='line_1_21' title="bbox 279 3252 1766 3335; baseline -0.002 -18"><span class='ocrx_word' id='word_1_188' title='bbox 279 3255 359 3332; x_wconf 71' lang='lat' dir='ltr'><strong>nius</strong></span> <span class='ocrx_word' id='word_1_189' title='bbox 390 3255 474 3317; x_wconf 90' lang='lat' dir='ltr'><strong>sire</strong></span> <span class='ocrx_word' id='word_1_190' title='bbox 505 3274 582 3316; x_wconf 86' lang='lat' dir='ltr'><strong>vcra</strong></span> <span class='ocrx_word' id='word_1_191' title='bbox 612 3273 650 3316; x_wconf 90' lang='lat' dir='ltr'><strong>ea</strong></span> <span class='ocrx_word' id='word_1_192' title='bbox 674 3255 915 3327; x_wconf 90' lang='lat' dir='ltr'><strong>adfectavisset,</strong></span> <span class='ocrx_word' id='word_1_193' title='bbox 951 3257 983 3314; x_wconf 90' lang='lat' dir='ltr'><strong>in</strong></span> <span class='ocrx_word' id='word_1_194' title='bbox 1014 3252 1076 3315; x_wconf 93' lang='lat' dir='ltr'><strong>hac</strong></span> <span class='ocrx_word' id='word_1_195' title='bbox 1108 3253 1247 3335; x_wconf 86' lang='lat' dir='ltr'><strong>epistula</strong></span> <span class='ocrx_word' id='word_1_196' title='bbox 1277 3253 1379 3317; x_wconf 89' lang='lat' dir='ltr'><strong>multo</strong></span> <span class='ocrx_word' id='word_1_197' title='bbox 1408 3254 1665 3317; x_wconf 81' lang='lat' dir='ltr'><strong>manifestiorem</strong></span> <span class='ocrx_word' id='word_1_198' title='bbox 1691 3272 1766 3315; x_wconf 91' lang='lat' dir='ltr'><strong>sese</strong></span> 
     </span>
     <span class='ocr_line' id='line_1_22' title="bbox 278 3341 1766 3423; baseline -0.001 -17"><span class='ocrx_word' id='word_1_199' title='bbox 278 3341 389 3407; x_wconf 89' lang='lat' dir='ltr'><strong>Flacci</strong></span> <span class='ocrx_word' id='word_1_200' title='bbox 420 3343 583 3406; x_wconf 90' lang='lat' dir='ltr'><strong>aemulum</strong></span> <span class='ocrx_word' id='word_1_201' title='bbox 615 3343 830 3423; x_wconf 88' lang='lat' dir='ltr'><strong>praebuisset.</strong></span> <span class='ocrx_word' id='word_1_202' title='bbox 877 3343 951 3405; x_wconf 93' lang='lat' dir='ltr'><strong>Hoc</strong></span> <span class='ocrx_word' id='word_1_203' title='bbox 982 3363 1080 3405; x_wconf 91' lang='lat' dir='ltr'><strong>unum</strong></span> <span class='ocrx_word' id='word_1_204' title='bbox 1113 3344 1261 3406; x_wconf 88' lang='lat' dir='ltr'><strong>concedo</strong></span> <span class='ocrx_word' id='word_1_205' title='bbox 1293 3379 1334 3388; x_wconf 90' lang='lat'>-</span> <span class='ocrx_word' id='word_1_206' title='bbox 1358 3341 1515 3406; x_wconf 89' lang='lat' dir='ltr'><strong>Paldamo</strong></span> <span class='ocrx_word' id='word_1_207' title='bbox 1539 3345 1698 3406; x_wconf 89' lang='lat' dir='ltr'><strong>adsensus</strong></span> <span class='ocrx_word' id='word_1_208' title='bbox 1723 3377 1766 3387; x_wconf 92' lang='lat'>—</span> 
     </span>
     <span class='ocr_line' id='line_1_23' title="bbox 278 3429 1764 3514; baseline -0.001 -19"><span class='ocrx_word' id='word_1_209' title='bbox 278 3434 363 3496; x_wconf 90' lang='lat' dir='ltr'><strong>hanc</strong></span> <span class='ocrx_word' id='word_1_210' title='bbox 381 3431 504 3496; x_wconf 89' lang='lat' dir='ltr'><strong>Sidonii</strong></span> <span class='ocrx_word' id='word_1_211' title='bbox 528 3432 701 3514; x_wconf 89' lang='lat' dir='ltr'><strong>epistulam</strong></span> <span class='ocrx_word' id='word_1_212' title='bbox 726 3432 884 3495; x_wconf 89' lang='lat' dir='ltr'><strong>sermonis</strong></span> <span class='ocrx_word' id='word_1_213' title='bbox 901 3433 1071 3496; x_wconf 89' lang='lat' dir='ltr'><strong>Horatiani</strong></span> <span class='ocrx_word' id='word_1_214' title='bbox 1096 3437 1170 3498; x_wconf 91' lang='lat' dir='ltr'><strong>fuco</strong></span> <span class='ocrx_word' id='word_1_215' title='bbox 1185 3443 1283 3514; x_wconf 90' lang='lat' dir='ltr'><strong>atque</strong></span> <span class='ocrx_word' id='word_1_216' title='bbox 1300 3431 1411 3495; x_wconf 90' lang='lat' dir='ltr'><strong>colore</strong></span> <span class='ocrx_word' id='word_1_217' title='bbox 1427 3453 1499 3495; x_wconf 92' lang='lat' dir='ltr'><strong>esse</strong></span> <span class='ocrx_word' id='word_1_218' title='bbox 1524 3434 1713 3496; x_wconf 87' lang='lat' dir='ltr'><strong>distinctam</strong></span> <span class='ocrx_word' id='word_1_219' title='bbox 1728 3429 1764 3514; x_wconf 85' lang='lat'><strong>⁴),</strong></span> 
     </span>
     <span class='ocr_line' id='line_1_24' title="bbox 278 3521 1761 3602; baseline -0.003 -16"><span class='ocrx_word' id='word_1_220' title='bbox 278 3525 337 3587; x_wconf 91' lang='lat' dir='ltr'><strong>sed</strong></span> <span class='ocrx_word' id='word_1_221' title='bbox 369 3543 420 3585; x_wconf 89' lang='lat' dir='ltr'><strong>ne</strong></span> <span class='ocrx_word' id='word_1_222' title='bbox 451 3541 557 3585; x_wconf 90' lang='lat' dir='ltr'><strong>unus</strong></span> <span class='ocrx_word' id='word_1_223' title='bbox 589 3523 758 3602; x_wconf 90' lang='lat' dir='ltr'><strong>quidem</strong></span> <span class='ocrx_word' id='word_1_224' title='bbox 791 3521 917 3584; x_wconf 91' lang='lat' dir='ltr'><strong>locus</strong></span> <span class='ocrx_word' id='word_1_225' title='bbox 948 3531 1041 3586; x_wconf 86' lang='lat' dir='ltr'><strong>arte</strong></span> <span class='ocrx_word' id='word_1_226' title='bbox 1074 3523 1287 3585; x_wconf 87' lang='lat' dir='ltr'><strong>cohaeret</strong></span> <span class='ocrx_word' id='word_1_227' title='bbox 1310 3541 1399 3584; x_wconf 92' lang='lat' dir='ltr'><strong>cum</strong></span> <span class='ocrx_word' id='word_1_228' title='bbox 1423 3523 1561 3585; x_wconf 86' lang='lat' dir='ltr'><strong>satira</strong></span> <span class='ocrx_word' id='word_1_229' title='bbox 1584 3521 1663 3584; x_wconf 88' lang='lat' dir='ltr'><strong>illa</strong></span> <span class='ocrx_word' id='word_1_230' title='bbox 1687 3521 1761 3582; x_wconf 92' lang='lat' dir='ltr'><strong>Ho-</strong></span> 
     </span>
     <span class='ocr_line' id='line_1_25' title="bbox 277 3609 1764 3694; baseline -0.003 -19"><span class='ocrx_word' id='word_1_231' title='bbox 277 3615 460 3677; x_wconf 86' lang='lat' dir='ltr'><strong>ratiana.</strong></span> <span class='ocrx_word' id='word_1_232' title='bbox 477 3610 618 3674; x_wconf 88' lang='lat' dir='ltr'><strong>Vinculo</strong></span> <span class='ocrx_word' id='word_1_233' title='bbox 642 3630 721 3674; x_wconf 92' lang='lat' dir='ltr'><strong>sane</strong></span> <span class='ocrx_word' id='word_1_234' title='bbox 744 3611 950 3674; x_wconf 89' lang='lat' dir='ltr'><strong>adstrictiore</strong></span> <span class='ocrx_word' id='word_1_235' title='bbox 974 3613 1181 3676; x_wconf 87' lang='lat' dir='ltr'><strong>continentur</strong></span> <span class='ocrx_word' id='word_1_236' title='bbox 1196 3610 1262 3676; x_wconf 87' lang='lat' dir='ltr'><strong>Sid.</strong></span> <span class='ocrx_word' id='word_1_237' title='bbox 1280 3609 1376 3694; x_wconf 80' lang='lat' dir='ltr'><strong>epist</strong></span> <span class='ocrx_word' id='word_1_238' title='bbox 1398 3612 1425 3688; x_wconf 92' lang='lat' dir='ltr'><strong>I,</strong></span> <span class='ocrx_word' id='word_1_239' title='bbox 1446 3613 1476 3686; x_wconf 87' lang='lat'><strong>8,</strong></span> <span class='ocrx_word' id='word_1_240' title='bbox 1494 3612 1533 3674; x_wconf 82' lang='lat'><strong>2:</strong></span> <span class='ocrx_word' id='word_1_241' title='bbox 1561 3612 1624 3675; x_wconf 84' lang='lat' dir='ltr'><strong>»ita</strong></span> <span class='ocrx_word' id='word_1_242' title='bbox 1641 3620 1764 3694; x_wconf 82' lang='lat' dir='ltr'><strong>tamen,</strong></span> 
     </span>
     <span class='ocr_line' id='line_1_26' title="bbox 278 3699 1765 3784; baseline -0.003 -19"><span class='ocrx_word' id='word_1_243' title='bbox 278 3703 367 3784; x_wconf 91' lang='lat' dir='ltr'><strong>quod</strong></span> <span class='ocrx_word' id='word_1_244' title='bbox 391 3710 424 3765; x_wconf 91' lang='lat' dir='ltr'><strong>te</strong></span> <span class='ocrx_word' id='word_1_245' title='bbox 439 3701 617 3764; x_wconf 88' lang='lat' dir='ltr'><strong>Ravennae</strong></span> <span class='ocrx_word' id='word_1_246' title='bbox 642 3699 767 3766; x_wconf 90' lang='lat' dir='ltr'><strong>felicius</strong></span> <span class='ocrx_word' id='word_1_247' title='bbox 791 3700 982 3764; x_wconf 89' lang='lat' dir='ltr'><strong>exulantem</strong></span> <span class='ocrx_word' id='word_1_248' title='bbox 997 3702 1130 3764; x_wconf 91' lang='lat' dir='ltr'><strong>auribus</strong></span> <span class='ocrx_word' id='word_1_249' title='bbox 1146 3702 1279 3764; x_wconf 87' lang='lat' dir='ltr'><strong>Padano</strong></span> <span class='ocrx_word' id='word_1_250' title='bbox 1303 3700 1443 3764; x_wconf 91' lang='lat' dir='ltr'><strong>culice</strong></span> <span class='ocrx_word' id='word_1_251' title='bbox 1466 3699 1625 3781; x_wconf 86' lang='lat' dir='ltr'><strong>perfossis</strong></span> <span class='ocrx_word' id='word_1_252' title='bbox 1650 3719 1765 3762; x_wconf 87' lang='lat' dir='ltr'><strong>rana·</strong></span> 
     </span>
     <span class='ocr_line' id='line_1_27' title="bbox 276 3788 1765 3873; baseline 0 -21"><span class='ocrx_word' id='word_1_253' title='bbox 276 3811 362 3854; x_wconf 88' lang='lat' dir='ltr'><strong>rum</strong></span> <span class='ocrx_word' id='word_1_254' title='bbox 385 3791 547 3873; x_wconf 88' lang='lat' dir='ltr'><strong>loquax</strong></span> <span class='ocrx_word' id='word_1_255' title='bbox 569 3790 665 3854; x_wconf 90' lang='lat' dir='ltr'><strong>turba</strong></span> <span class='ocrx_word' id='word_1_256' title='bbox 689 3790 968 3870; x_wconf 90' lang='lat' dir='ltr'><strong>circumsilit;</strong></span> <span class='ocrx_word' id='word_1_257' title='bbox 992 3791 1105 3871; x_wconf 88' lang='lat' dir='ltr'><strong>inqua</strong></span> <span class='ocrx_word' id='word_1_258' title='bbox 1129 3791 1305 3872; x_wconf 88' lang='lat' dir='ltr'><strong>palude‹</strong></span> <span class='ocrx_word' id='word_1_259' title='bbox 1325 3791 1531 3855; x_wconf 91' lang='lat' dir='ltr'><strong>etc.etHor.</strong></span> <span class='ocrx_word' id='word_1_260' title='bbox 1555 3800 1616 3857; x_wconf 87' lang='lat' dir='ltr'><strong>sat.</strong></span> <span class='ocrx_word' id='word_1_261' title='bbox 1635 3788 1765 3866; x_wconf 81' lang='lat'><strong>1,5,14</strong></span> 
     </span>
     <span class='ocr_line' id='line_1_28' title="bbox 277 3877 1579 3965; baseline -0.002 -21"><span class='ocrx_word' id='word_1_262' title='bbox 277 3901 327 3962; x_wconf 92' lang='lat' dir='ltr'><strong>sq.</strong></span> <span class='ocrx_word' id='word_1_263' title='bbox 353 3880 429 3942; x_wconf 89' lang='lat' dir='ltr'><strong>mali</strong></span> <span class='ocrx_word' id='word_1_264' title='bbox 453 3880 625 3943; x_wconf 89' lang='lat' dir='ltr'><strong>culices</strong></span> <span class='ocrx_word' id='word_1_265' title='bbox 648 3899 867 3961; x_wconf 89' lang='lat' dir='ltr'><strong>ranaeque</strong></span> <span class='ocrx_word' id='word_1_266' title='bbox 891 3879 1119 3962; x_wconf 86' lang='lat' dir='ltr'><strong>palustres</strong></span> <span class='ocrx_word' id='word_1_267' title='bbox 1140 3877 1145 3965; x_wconf 77' lang='lat' dir='ltr'><strong>l</strong></span> <span class='ocrx_word' id='word_1_268' title='bbox 1166 3891 1373 3944; x_wconf 90' lang='lat' dir='ltr'><strong>avertunt</strong></span> <span class='ocrx_word' id='word_1_269' title='bbox 1396 3899 1579 3943; x_wconf 92' lang='lat' dir='ltr'><strong>somnos.</strong></span> 
     </span>
    </p>

    <p class='ocr_par' dir='ltr' id='par_1_5' title="bbox 276 3965 1764 4140">
     <span class='ocr_line' id='line_1_29' title="bbox 383 3965 1764 4050; baseline -0.001 -18"><span class='ocrx_word' id='word_1_270' title='bbox 383 3967 513 4033; x_wconf 88' lang='lat' dir='ltr'><strong>Deinde</strong></span> <span class='ocrx_word' id='word_1_271' title='bbox 529 3968 758 4033; x_wconf 91' lang='lat' dir='ltr'><strong>nonnullorum</strong></span> <span class='ocrx_word' id='word_1_272' title='bbox 775 3967 921 4032; x_wconf 89' lang='lat' dir='ltr'><strong>locorum</strong></span> <span class='ocrx_word' id='word_1_273' title='bbox 939 3970 1099 4033; x_wconf 87' lang='lat' dir='ltr'><strong>rationem</strong></span> <span class='ocrx_word' id='word_1_274' title='bbox 1123 3989 1196 4032; x_wconf 92' lang='lat' dir='ltr'><strong>sum</strong></span> <span class='ocrx_word' id='word_1_275' title='bbox 1220 3971 1312 4035; x_wconf 91' lang='lat' dir='ltr'><strong>habit</strong></span> <span class='ocrx_word' id='word_1_276' title='bbox 1299 3982 1399 4045; x_wconf 89' lang='lat' dir='ltr'><strong>turus,</strong></span> <span class='ocrx_word' id='word_1_277' title='bbox 1427 3990 1470 4032; x_wconf 90' lang='lat' dir='ltr'><strong>ex</strong></span> <span class='ocrx_word' id='word_1_278' title='bbox 1494 3970 1613 4050; x_wconf 91' lang='lat' dir='ltr'><strong>quibus</strong></span> <span class='ocrx_word' id='word_1_279' title='bbox 1638 3965 1764 4032; x_wconf 90' lang='lat' dir='ltr'><strong>utilitas</strong></span> 
     </span>
     <span class='ocr_line' id='line_1_30' title="bbox 276 4056 1277 4140; baseline 0 -19"><span class='ocrx_word' id='word_1_280' title='bbox 276 4060 439 4140; x_wconf 85' lang='lat' dir='ltr'><strong>quaedam</strong></span> <span class='ocrx_word' id='word_1_281' title='bbox 462 4059 504 4122; x_wconf 90' lang='lat' dir='ltr'><strong>ab</strong></span> <span class='ocrx_word' id='word_1_282' title='bbox 528 4079 562 4121; x_wconf 92' lang='lat' dir='ltr'><strong>re</strong></span> <span class='ocrx_word' id='word_1_283' title='bbox 586 4056 703 4122; x_wconf 90' lang='lat' dir='ltr'><strong>critica</strong></span> <span class='ocrx_word' id='word_1_284' title='bbox 726 4057 879 4122; x_wconf 89' lang='lat' dir='ltr'><strong>notabilis</strong></span> <span class='ocrx_word' id='word_1_285' title='bbox 903 4057 1113 4122; x_wconf 85' lang='lat' dir='ltr'><strong>efflorescere</strong></span> <span class='ocrx_word' id='word_1_286' title='bbox 1136 4060 1277 4125; x_wconf 89' lang='lat' dir='ltr'><strong>videtur</strong></span> 
     </span>
    </p>

    <p class='ocr_par' dir='ltr' id='par_1_6' title="bbox 275 4111 1764 4502">
     <span class='ocr_line' id='line_1_31' title="bbox 382 4111 1764 4230; baseline -0.001 -19"><span class='ocrx_word' id='word_1_287' title='bbox 382 4148 583 4213; x_wconf 90' lang='lat' dir='ltr'><strong>Permultum</strong></span> <span class='ocrx_word' id='word_1_288' title='bbox 602 4147 804 4212; x_wconf 84' lang='lat' dir='ltr'><strong>difficultatis</strong></span> <span class='ocrx_word' id='word_1_289' title='bbox 827 4146 919 4210; x_wconf 90' lang='lat' dir='ltr'><strong>locus</strong></span> <span class='ocrx_word' id='word_1_290' title='bbox 943 4159 1097 4230; x_wconf 86' lang='lat' dir='ltr'><strong>corrupte</strong></span> <span class='ocrx_word' id='word_1_291' title='bbox 1121 4149 1258 4213; x_wconf 90' lang='lat' dir='ltr'><strong>traditus</strong></span> <span class='ocrx_word' id='word_1_292' title='bbox 1277 4149 1404 4212; x_wconf 93' lang='lat' dir='ltr'><strong>Horatii</strong></span> <span class='ocrx_word' id='word_1_293' title='bbox 1420 4111 1650 4230; x_wconf 89' lang='lat' dir='ltr'><strong>interpretibus</strong></span> <span class='ocrx_word' id='word_1_294' title='bbox 1676 4146 1764 4224; x_wconf 89' lang='lat' dir='ltr'><strong>fecit,</strong></span> 
     </span>
     <span class='ocr_line' id='line_1_32' title="bbox 276 4234 1762 4321; baseline -0.001 -21"><span class='ocrx_word' id='word_1_295' title='bbox 276 4239 331 4321; x_wconf 92' lang='lat' dir='ltr'><strong>qui</strong></span> <span class='ocrx_word' id='word_1_296' title='bbox 361 4237 480 4320; x_wconf 87' lang='lat' dir='ltr'><strong>legitur</strong></span> <span class='ocrx_word' id='word_1_297' title='bbox 511 4238 598 4320; x_wconf 88' lang='lat' dir='ltr'><strong>apud</strong></span> <span class='ocrx_word' id='word_1_298' title='bbox 622 4238 795 4302; x_wconf 91' lang='lat' dir='ltr'><strong>Horatium</strong></span> <span class='ocrx_word' id='word_1_299' title='bbox 830 4257 928 4302; x_wconf 90' lang='lat' dir='ltr'><strong>carm.</strong></span> <span class='ocrx_word' id='word_1_300' title='bbox 953 4234 979 4314; x_wconf 86' lang='grc' dir='ltr'><strong>Ι,</strong></span> <span class='ocrx_word' id='word_1_301' title='bbox 1004 4237 1056 4315; x_wconf 81' lang='grc'><strong>32,</strong></span> <span class='ocrx_word' id='word_1_302' title='bbox 1084 4237 1124 4302; x_wconf 92' lang='grc'><strong>15</strong></span> <span class='ocrx_word' id='word_1_303' title='bbox 1148 4259 1207 4321; x_wconf 90' lang='lat' dir='ltr'><strong>sq,</strong></span> <span class='ocrx_word' id='word_1_304' title='bbox 1240 4236 1297 4300; x_wconf 92' lang='lat' dir='ltr'><strong>ubi</strong></span> <span class='ocrx_word' id='word_1_305' title='bbox 1321 4248 1415 4301; x_wconf 87' lang='lat' dir='ltr'><strong>vates</strong></span> <span class='ocrx_word' id='word_1_306' title='bbox 1441 4237 1626 4301; x_wconf 89' lang='lat' dir='ltr'><strong>Venusinus</strong></span> <span class='ocrx_word' id='word_1_307' title='bbox 1652 4235 1762 4318; x_wconf 89' lang='lat' dir='ltr'><strong>lyram</strong></span> 
     </span>
     <span class='ocr_line' id='line_1_33' title="bbox 275 4325 1764 4412; baseline -0.003 -21"><span class='ocrx_word' id='word_1_308' title='bbox 275 4329 339 4391; x_wconf 91' lang='lat' dir='ltr'><strong>hac</strong></span> <span class='ocrx_word' id='word_1_309' title='bbox 369 4347 450 4389; x_wconf 91' lang='lat' dir='ltr'><strong>voce</strong></span> <span class='ocrx_word' id='word_1_310' title='bbox 483 4325 674 4408; x_wconf 90' lang='lat' dir='ltr'><strong>compellat:</strong></span> <span class='ocrx_word' id='word_1_311' title='bbox 712 4326 825 4389; x_wconf 76' lang='lat' dir='ltr'><strong>»dulce</strong></span> <span class='ocrx_word' id='word_1_312' title='bbox 857 4325 998 4389; x_wconf 91' lang='lat' dir='ltr'><strong>lenimen</strong></span> <span class='ocrx_word' id='word_1_313' title='bbox 1030 4328 1107 4390; x_wconf 89' lang='lat' dir='ltr'><strong>mihi</strong></span> <span class='ocrx_word' id='word_1_314' title='bbox 1138 4347 1278 4408; x_wconf 89' lang='lat' dir='ltr'><strong>cumque</strong></span> <span class='ocrx_word' id='word_1_315' title='bbox 1310 4325 1400 4391; x_wconf 90' lang='lat' dir='ltr'><strong>salve</strong></span> <span class='ocrx_word' id='word_1_316' title='bbox 1422 4325 1426 4412; x_wconf 80' lang='lat' dir='ltr'><strong>l</strong></span> <span class='ocrx_word' id='word_1_317' title='bbox 1447 4329 1507 4391; x_wconf 91' lang='lat' dir='ltr'><strong>rite</strong></span> <span class='ocrx_word' id='word_1_318' title='bbox 1529 4327 1695 4390; x_wconf 72' lang='lat' dir='ltr'><strong>vocantir.</strong></span> <span class='ocrx_word' id='word_1_319' title='bbox 1721 4361 1764 4370; x_wconf 94' lang='lat'>-</span> 
     </span>
     <span class='ocr_line' id='line_1_34' title="bbox 276 4413 1761 4502; baseline -0.007 -21"><span class='ocrx_word' id='word_1_320' title='bbox 276 4416 385 4481; x_wconf 91' lang='lat' dir='ltr'><strong>Critici</strong></span> <span class='ocrx_word' id='word_1_321' title='bbox 416 4417 548 4498; x_wconf 90' lang='lat' dir='ltr'><strong>quidam</strong></span> <span class='ocrx_word' id='word_1_322' title='bbox 580 4413 683 4502; x_wconf 83' lang='lat' dir='ltr'><strong>(velut</strong></span> <span class='ocrx_word' id='word_1_323' title='bbox 706 4413 884 4494; x_wconf 90' lang='lat' dir='ltr'><strong>Duentzer‚</strong></span> <span class='ocrx_word' id='word_1_324' title='bbox 908 4415 1030 4500; x_wconf 83' lang='lat' dir='ltr'><strong>Ritter)</strong></span> <span class='ocrx_word' id='word_1_325' title='bbox 1062 4417 1137 4479; x_wconf 89' lang='lat' dir='ltr'><strong>huic</strong></span> <span class='ocrx_word' id='word_1_326' title='bbox 1168 4417 1242 4480; x_wconf 92' lang='lat' dir='ltr'><strong>loco</strong></span> <span class='ocrx_word' id='word_1_327' title='bbox 1277 4415 1456 4480; x_wconf 88' lang='lat' dir='ltr'><strong>sanationis</strong></span> <span class='ocrx_word' id='word_1_328' title='bbox 1488 4427 1578 4480; x_wconf 90' lang='lat' dir='ltr'><strong>certe</strong></span> <span class='ocrx_word' id='word_1_329' title='bbox 1602 4415 1761 4497; x_wconf 82' lang='lat' dir='ltr'><strong>indigenti</strong></span> 
     </span>
    </p>
   </div>
   <div class='ocr_carea' id='block_1_3' title="bbox 275 4594 1764 5166">
    <p class='ocr_par' dir='ltr' id='par_1_7' title="bbox 383 4594 1160 4664">
     <span class='ocr_line' id='line_1_35' title="bbox 383 4594 1160 4664; baseline 0.003 -16"><span class='ocrx_word' id='word_1_330' title='bbox 383 4594 406 4664; x_wconf 86' lang='lat'><strong>¹)</strong></span> <span class='ocrx_word' id='word_1_331' title='bbox 425 4601 455 4649; x_wconf 90' lang='lat' dir='ltr'><strong>de</strong></span> <span class='ocrx_word' id='word_1_332' title='bbox 475 4599 622 4648; x_wconf 85' lang='lat' dir='ltr'><strong>imitatione</strong></span> <span class='ocrx_word' id='word_1_333' title='bbox 642 4599 757 4652; x_wconf 84' lang='lat' dir='ltr'><strong>Horatii.</strong></span> <span class='ocrx_word' id='word_1_334' title='bbox 778 4598 961 4661; x_wconf 87' lang='lat' dir='ltr'><strong>Gryphisvald.</strong></span> <span class='ocrx_word' id='word_1_335' title='bbox 983 4599 1059 4648; x_wconf 84' lang='grc'><strong>1851,</strong></span> <span class='ocrx_word' id='word_1_336' title='bbox 1081 4616 1106 4664; x_wconf 91' lang='lat' dir='ltr'><strong>p.</strong></span> <span class='ocrx_word' id='word_1_337' title='bbox 1126 4601 1160 4650; x_wconf 76' lang='lat'><strong>20</strong></span> 
     </span>
    </p>

    <p class='ocr_par' dir='ltr' id='par_1_8' title="bbox 383 4665 1201 4736">
     <span class='ocr_line' id='line_1_36' title="bbox 383 4665 1201 4736; baseline 0.002 -17"><span class='ocrx_word' id='word_1_338' title='bbox 383 4665 405 4736; x_wconf 76' lang='lat'><strong>²)</strong></span> <span class='ocrx_word' id='word_1_339' title='bbox 425 4672 533 4720; x_wconf 87' lang='lat' dir='ltr'><strong>analect.</strong></span> <span class='ocrx_word' id='word_1_340' title='bbox 554 4667 612 4721; x_wconf 89' lang='lat' dir='ltr'><strong>crit.</strong></span> <span class='ocrx_word' id='word_1_341' title='bbox 631 4671 662 4719; x_wconf 94' lang='lat' dir='ltr'><strong>ad</strong></span> <span class='ocrx_word' id='word_1_342' title='bbox 683 4686 759 4719; x_wconf 90' lang='lat' dir='ltr'><strong>carm.</strong></span> <span class='ocrx_word' id='word_1_343' title='bbox 780 4671 844 4719; x_wconf 89' lang='lat' dir='ltr'><strong>Hor.</strong></span> <span class='ocrx_word' id='word_1_344' title='bbox 864 4669 1007 4722; x_wconf 85' lang='lat' dir='ltr'><strong>historiam.</strong></span> <span class='ocrx_word' id='word_1_345' title='bbox 1028 4671 1059 4722; x_wconf 54' lang='lat' dir='ltr'><strong>V,</strong></span> <span class='ocrx_word' id='word_1_346' title='bbox 1080 4687 1139 4735; x_wconf 87' lang='lat' dir='ltr'><strong>pag.</strong></span> <span class='ocrx_word' id='word_1_347' title='bbox 1160 4673 1201 4722; x_wconf 79' lang='lat'><strong>17.</strong></span> 
     </span>
    </p>

    <p class='ocr_par' dir='ltr' id='par_1_9' title="bbox 384 4737 626 4806">
     <span class='ocr_line' id='line_1_37' title="bbox 384 4737 626 4806; baseline 0 -16"><span class='ocrx_word' id='word_1_348' title='bbox 384 4737 405 4800; x_wconf 76' lang='lat' dir='ltr'><strong>&#39;t</strong></span> <span class='ocrx_word' id='word_1_349' title='bbox 425 4742 485 4794; x_wconf 87' lang='lat' dir='ltr'><strong>diss.</strong></span> <span class='ocrx_word' id='word_1_350' title='bbox 505 4758 564 4806; x_wconf 86' lang='lat' dir='ltr'><strong>pag.</strong></span> <span class='ocrx_word' id='word_1_351' title='bbox 587 4744 626 4792; x_wconf 84' lang='lat' dir='ltr'><strong>ta.</strong></span> 
     </span>
    </p>

    <p class='ocr_par' dir='ltr' id='par_1_10' title="bbox 275 4811 1764 5166">
     <span class='ocr_line' id='line_1_38' title="bbox 382 4811 1763 4880; baseline -0.002 -16"><span class='ocrx_word' id='word_1_352' title='bbox 382 4815 405 4879; x_wconf 83' lang='lat'><strong>⁴)</strong></span> <span class='ocrx_word' id='word_1_353' title='bbox 426 4811 542 4864; x_wconf 89' lang='lat' dir='ltr'><strong>Conferri</strong></span> <span class='ocrx_word' id='word_1_354' title='bbox 562 4819 688 4878; x_wconf 84' lang='lat' dir='ltr'><strong>possunt:</strong></span> <span class='ocrx_word' id='word_1_355' title='bbox 709 4814 846 4864; x_wconf 83' lang='lat' dir='ltr'><strong>Horatiani</strong></span> <span class='ocrx_word' id='word_1_356' title='bbox 865 4817 988 4864; x_wconf 90' lang='lat' dir='ltr'><strong>sermonis</strong></span> <span class='ocrx_word' id='word_1_357' title='bbox 1007 4816 1111 4865; x_wconf 82' lang='lat' dir='ltr'><strong>initiunt</strong></span> <span class='ocrx_word' id='word_1_358' title='bbox 1130 4820 1268 4880; x_wconf 84' lang='lat' dir='ltr'><strong>(egressum</strong></span> <span class='ocrx_word' id='word_1_359' title='bbox 1289 4833 1327 4864; x_wconf 91' lang='lat' dir='ltr'><strong>me</strong></span> <span class='ocrx_word' id='word_1_360' title='bbox 1348 4816 1450 4878; x_wconf 80' lang='lat' dir='ltr'><strong>aceepit</strong></span> <span class='ocrx_word' id='word_1_361' title='bbox 1465 4854 1471 4871; x_wconf 94' lang='lat'><strong>,</strong></span> <span class='ocrx_word' id='word_1_362' title='bbox 1486 4814 1502 4878; x_wconf 86' lang='lat'><strong>.)</strong></span> <span class='ocrx_word' id='word_1_363' title='bbox 1523 4830 1579 4864; x_wconf 88' lang='lat' dir='ltr'><strong>cum</strong></span> <span class='ocrx_word' id='word_1_364' title='bbox 1596 4815 1649 4864; x_wconf 85' lang='lat' dir='ltr'><strong>Sirl.</strong></span> <span class='ocrx_word' id='word_1_365' title='bbox 1666 4813 1763 4878; x_wconf 80' lang='lat' dir='ltr'><strong>capitis</strong></span> 
     </span>
     <span class='ocr_line' id='line_1_39' title="bbox 276 4881 1764 4952; baseline -0.001 -17"><span class='ocrx_word' id='word_1_366' title='bbox 276 4885 382 4936; x_wconf 86' lang='lat' dir='ltr'><strong>alterius</strong></span> <span class='ocrx_word' id='word_1_367' title='bbox 402 4885 481 4934; x_wconf 93' lang='lat' dir='ltr'><strong>initio</strong></span> <span class='ocrx_word' id='word_1_368' title='bbox 502 4881 613 4950; x_wconf 84' lang='lat' dir='ltr'><strong>(egresso</strong></span> <span class='ocrx_word' id='word_1_369' title='bbox 632 4886 738 4936; x_wconf 89' lang='lat' dir='ltr'><strong>mihi..</strong></span> <span class='ocrx_word' id='word_1_370' title='bbox 758 4887 815 4936; x_wconf 88' lang='lat' dir='ltr'><strong>usui</strong></span> <span class='ocrx_word' id='word_1_371' title='bbox 835 4884 908 4952; x_wconf 85' lang='lat' dir='ltr'><strong>fuit);</strong></span> <span class='ocrx_word' id='word_1_372' title='bbox 929 4888 992 4937; x_wconf 85' lang='lat' dir='ltr'><strong>lior.</strong></span> <span class='ocrx_word' id='word_1_373' title='bbox 1013 4887 1056 4937; x_wconf 88' lang='lat' dir='ltr'><strong>l.l</strong></span> <span class='ocrx_word' id='word_1_374' title='bbox 1085 4904 1108 4936; x_wconf 87' lang='lat' dir='ltr'><strong>v.</strong></span> <span class='ocrx_word' id='word_1_375' title='bbox 1130 4888 1163 4937; x_wconf 90' lang='lat'><strong>88</strong></span> <span class='ocrx_word' id='word_1_376' title='bbox 1184 4904 1241 4936; x_wconf 91' lang='lat' dir='ltr'><strong>cum</strong></span> <span class='ocrx_word' id='word_1_377' title='bbox 1260 4888 1311 4936; x_wconf 87' lang='lat' dir='ltr'><strong>Sid.</strong></span> <span class='ocrx_word' id='word_1_378' title='bbox 1343 4903 1401 4952; x_wconf 86' lang='lat' dir='ltr'><strong>cap.</strong></span> <span class='ocrx_word' id='word_1_379' title='bbox 1432 4891 1571 4936; x_wconf 73' lang='lat' dir='ltr'><strong>d&#39;extrenr</strong></span> <span class='ocrx_word' id='word_1_380' title='bbox 1611 4883 1648 4952; x_wconf 89' lang='lat' dir='ltr'><strong>(in</strong></span> <span class='ocrx_word' id='word_1_381' title='bbox 1677 4885 1764 4934; x_wconf 86' lang='lat' dir='ltr'><strong>medio</strong></span> 
     </span>
     <span class='ocr_line' id='line_1_40' title="bbox 275 4955 1763 5023; baseline -0.003 -14"><span class='ocrx_word' id='word_1_382' title='bbox 275 4959 396 5009; x_wconf 90' lang='lat' dir='ltr'><strong>undarum</strong></span> <span class='ocrx_word' id='word_1_383' title='bbox 416 4957 576 5020; x_wconf 84' lang='lat' dir='ltr'><strong>sitiebamus,</strong></span> <span class='ocrx_word' id='word_1_384' title='bbox 597 4958 657 5022; x_wconf 85' lang='lat' dir='ltr'><strong>quia</strong></span> <span class='ocrx_word' id='word_1_385' title='bbox 676 4974 798 5021; x_wconf 84' lang='lat' dir='ltr'><strong>nrsqnam</strong></span> <span class='ocrx_word' id='word_1_386' title='bbox 818 4957 857 5008; x_wconf 87' lang='lat' dir='ltr'><strong>vel</strong></span> <span class='ocrx_word' id='word_1_387' title='bbox 877 4959 1082 5020; x_wconf 75' lang='lat' dir='ltr'><strong>aquaeductuum</strong></span> <span class='ocrx_word' id='word_1_388' title='bbox 1101 4955 1186 5022; x_wconf 87' lang='lat' dir='ltr'><strong>liquor</strong></span> <span class='ocrx_word' id='word_1_389' title='bbox 1205 4960 1304 5023; x_wconf 87' lang='lat' dir='ltr'><strong>integer</strong></span> <span class='ocrx_word' id='word_1_390' title='bbox 1335 4961 1376 5007; x_wconf 91' lang='lat' dir='ltr'><strong>vel</strong></span> <span class='ocrx_word' id='word_1_391' title='bbox 1405 4959 1513 5008; x_wconf 81' lang='lat' dir='ltr'><strong>cisterna</strong></span> <span class='ocrx_word' id='word_1_392' title='bbox 1535 4957 1701 5007; x_wconf 81' lang='lat' dir='ltr'><strong>defaecabilis</strong></span> <span class='ocrx_word' id='word_1_393' title='bbox 1721 4958 1763 5006; x_wconf 90' lang='lat' dir='ltr'><strong>vel</strong></span> 
     </span>
     <span class='ocr_line' id='line_1_41' title="bbox 278 5026 1763 5096; baseline 0 -18"><span class='ocrx_word' id='word_1_394' title='bbox 278 5030 333 5080; x_wconf 91' lang='lat' dir='ltr'><strong>fons</strong></span> <span class='ocrx_word' id='word_1_395' title='bbox 353 5029 469 5072; x_wconf 63' lang='lat' dir='ltr'><strong>inviduus</strong></span> <span class='ocrx_word' id='word_1_396' title='bbox 489 5030 529 5076; x_wconf 84' lang='lat' dir='ltr'><strong>vel</strong></span> <span class='ocrx_word' id='word_1_397' title='bbox 549 5035 642 5094; x_wconf 87' lang='lat' dir='ltr'><strong>puteus</strong></span> <span class='ocrx_word' id='word_1_398' title='bbox 661 5026 782 5096; x_wconf 79' lang='lat' dir='ltr'><strong>intimis);</strong></span> <span class='ocrx_word' id='word_1_399' title='bbox 803 5030 867 5079; x_wconf 86' lang='lat' dir='ltr'><strong>adde</strong></span> <span class='ocrx_word' id='word_1_400' title='bbox 887 5030 948 5079; x_wconf 88' lang='lat' dir='ltr'><strong>Hor.</strong></span> <span class='ocrx_word' id='word_1_401' title='bbox 970 5045 995 5080; x_wconf 88' lang='lat' dir='ltr'><strong>v.</strong></span> <span class='ocrx_word' id='word_1_402' title='bbox 1026 5027 1048 5079; x_wconf 80' lang='grc'><strong>7.</strong></span> <span class='ocrx_word' id='word_1_403' title='bbox 1071 5031 1244 5080; x_wconf 82' lang='lat' dir='ltr'><strong>—Sidonius</strong></span> <span class='ocrx_word' id='word_1_404' title='bbox 1274 5033 1323 5080; x_wconf 87' lang='lat' dir='ltr'><strong>hoc</strong></span> <span class='ocrx_word' id='word_1_405' title='bbox 1352 5031 1411 5080; x_wconf 89' lang='lat' dir='ltr'><strong>loco</strong></span> <span class='ocrx_word' id='word_1_406' title='bbox 1441 5031 1600 5080; x_wconf 88' lang='lat' dir='ltr'><strong>imitatorum</strong></span> <span class='ocrx_word' id='word_1_407' title='bbox 1630 5043 1700 5080; x_wconf 80' lang='lat' dir='ltr'><strong>more</strong></span> <span class='ocrx_word' id='word_1_408' title='bbox 1731 5045 1763 5079; x_wconf 81' lang='lat' dir='ltr'><strong>ex</strong></span> 
     </span>
     <span class='ocr_line' id='line_1_42' title="bbox 275 5101 820 5166; baseline 0.011 -22"><span class='ocrx_word' id='word_1_409' title='bbox 275 5117 303 5166; x_wconf 75' lang='lat' dir='ltr'><strong>pr</strong></span> <span class='ocrx_word' id='word_1_410' title='bbox 507 5101 583 5150; x_wconf 75' lang='lat' dir='ltr'><strong>&#39;erbis</strong></span> <span class='ocrx_word' id='word_1_411' title='bbox 603 5102 728 5165; x_wconf 87' lang='lat' dir='ltr'><strong>permulta</strong></span> <span class='ocrx_word' id='word_1_412' title='bbox 748 5101 820 5151; x_wconf 88' lang='lat' dir='ltr'><strong>fecit.</strong></span> 
     </span>
    </p>
   </div>
   <div class='ocr_carea' id='block_1_4' title="bbox 0 0 1942 5604">
    <p class='ocr_par' dir='ltr' id='par_1_11' title="bbox 0 0 1942 5604">
     <span class='ocr_line' id='line_1_43' title="bbox 0 0 1942 5604; baseline 0 3"><span class='ocrx_word' id='word_1_413' title='bbox 0 0 1942 5604; x_wconf 95' lang='lat' dir='ltr'><strong> </strong></span> 
     </span>
    </p>
   </div>
  </div>
 </body>
</html>
