3876 5604
804 338 983 402 ..17-

151 552 308 634 gambri«.
332 551 425 634 (Hor.
450 573 480 618 v.
505 549 546 615 51
573 554 643 632 sq.).
684 549 791 613 Maior
815 562 925 616 autem
945 551 1122 616 similitudo
1138 554 1309 618 intercedit
1326 554 1423 621 inter
1446 553 1508 618 hos
1532 572 1645 618 versus

151 653 185 707 et
209 643 386 706 Horatiic.
411 640 467 718 IV,
496 639 547 723 15,
573 639 612 704 21
640 660 712 722 sqq.

191 805 275 848 »non
300 787 354 886 qui
378 784 584 940 profundum
600 781 790 846 Danuvium
814 783 930 849 hibunt
956 781 958 868 l
986 786 1093 850 edicta
1117 798 1270 868 rumpent
1289 787 1381 868 Julia,
1408 808 1473 851 non
1501 786 1607 854 Getae

610 894 705 936 .non
730 871 857 935 Tanain
884 893 991 956 prope
1016 873 1135 940 flumen
1160 879 1242 942 orti«

148 1015 183 1079 Si
208 1020 250 1081 ad
275 1037 374 1080 voces
398 1015 489 1097 ipsas
520 1016 664 1079 animum
688 1017 906 1093 attendemus,
939 1038 1004 1080 non
1034 1017 1252 1098 improbabile
1276 1017 1338 1085 erit
1362 1016 1486 1084 Sidonii
1512 1019 1642 1104 dictum

156 1118 211 1172 ›et
236 1105 415 1188 Scythicae
451 1116 550 1188 potor
573 1106 761 1170 Tanaiticus
794 1107 919 1170 undae«
947 1105 1066 1170 referre
1090 1109 1131 1171 ad
1156 1109 1387 1173 auctoritatem
1412 1107 1560 1187 Horatii,
1580 1108 1643 1214 ‘qui

154 1194 294 1260 exhibet
317 1197 401 1259 haec
420 1216 493 1276 ›qur
484 1192 698 1259 Danuvium
716 1194 854 1259 hibunt«
882 1207 915 1260 et
935 1194 1083 1258 ’Tanain
1100 1217 1203 1279 prope
1222 1197 1342 1261 flumen
1367 1199 1461 1265 orti«
1481 1198 1528 1266 Cf
1544 1200 1642 1263 etiam

154 1285 279 1350 Hor..c
302 1283 411 1362 11,20,
436 1283 479 1348 20
507 1285 632 1352 »Haber
648 1284 869 1366 Rhodanique
887 1295 1017 1367 potor«
1044 1286 1129 1348 Deru
1145 1285 1280 1350 ultimus
1300 1308 1401 1354 carm
1417 1287 1499 1356 Hor
1519 1286 1643 1353 laudati

153 1395 270 1438 versus
298 1371 512 1456 ’compositis
536 1384 734 1437 venerantur
756 1377 871 1437 armis«
899 1373 1024 1438 Sidonii
1048 1377 1151 1438 menti
1182 1374 1299 1440 infixus
1324 1397 1397 1442 esse
1422 1375 1566 1455 videtur,
1589 1379 1644 1459 qui

149 1463 204 1527 bis
228 1467 260 1526 in
284 1484 310 1528 c.
335 1463 377 1526 V.
394 1460 497 1526 simili
515 1464 616 1528 utitur
632 1461 811 1530 locutione:
837 1485 868 1528 v.
884 1464 950 1528 489
973 1464 1048 1526 ›vix
1063 1467 1180 1544 positis
1197 1466 1328 1546 armis«,
1353 1486 1383 1529 v.
1402 1464 1467 1531 602
1490 1468 1642 1549 ›positis-

152 1573 220 1632 que
244 1552 434 1635 pharetris«
454 1552 606 1614 -Idem
625 1553 751 1617 Horatii
769 1571 900 1615 carmen
916 1552 1052 1616 Sidonio
1071 1554 1154 1617 bene
1180 1564 1294 1618 notum
1312 1555 1410 1619 fuisse
1425 1555 1489 1618 alio
1507 1576 1642 1638 quoque

150 1643 226 1704 loco
250 1642 417 1723 probatur,
443 1644 497 1723 qui
522 1652 572 1706 est
596 1639 663 1707 Sid.
689 1663 716 1705 c.
740 1639 814 1721 VII,
837 1663 868 1706 v.
894 1641 959 1706 372
984 1663 1032 1723 sq.

309 1785 517 1848 Francus
542 1781 743 1848 Germanum
768 1784 965 1864 primum
990 1783 1194 1868 Belgamque
1218 1789 1478 1851 secundum

311 1874 585 1949 sternebat,
611 1872 862 1954 Rhenumque.
888 1928 894 1939 .
921 1927 927 1939 .

151 2017 278 2099 Quibus
302 2018 412 2081 verbis
438 2017 524 2080 bene
548 2017 651 2080 subici
674 2035 774 2098 posse
797 2018 914 2097 opinor
938 2037 986 2094 ea,
1012 2039 1097 2098 quae
1123 2018 1260 2082 Flaccus
1285 2020 1396 2084 scribit
1421 2023 1453 2083 in
1477 2023 1639 2095 carminis,

150 2113 190 2170 de
216 2129 282 2188 quo
307 2125 495 2170 sermonem
519 2105 679 2169 habemus
702 2128 732 2170 v.
758 2106 796 2170 31
824 2127 871 2188 sq.

149 2247 405 2335 (Claudius)
429 2252 711 2331 primosque
736 2261 768 2315 et
793 2270 1024 2314 extremos
1050 2254 1205 2316 metendo
1232 2251 1235 2339 l
1262 2255 1432 2319 stravit
1455 2256 1642 2318 humum.

150 2396 302 2476 Denique
338 2394 433 2457 huius
468 2395 618 2457 carminis
653 2393 824 2458 Horatiani
860 2415 889 2456 ν,
917 2397 969 2461 29.
995 2418 1068 2478 sqq.
1107 2408 1138 2461 et
1178 2397 1220 2462 33
1258 2419 1307 2481 sq.
1355 2398 1585 2480 Apollinarem
1611 2401 1642 2462 in

149 2505 176 2547 c.
213 2482 266 2563 IL,
303 2483 367 2549 284
401 2503 477 2565 sqq.
517 2485 695 2546 variavisse
728 2483 888 2564 latiusque
933 2490 1123 2550 extendisse
1167 2490 1236 2550 veri
1278 2487 1380 2550 simile
1422 2489 1562 2553 videtur:
1600 2525 1642 2536 —

150 2572 249 2638 Sed
242 2593 306 2637 ram
329 2575 373 2636 ad
388 2573 549 2638 Horatic.
566 2573 626 2649 IV,
644 2573 665 2636 5
684 2577 869 2654 transgredi
903 2576 1046 2654 iuvabit,¹
1053 2577 1062 2658 )
1087 2577 1140 2639 ubi
1159 2587 1259 2658 poeta
1275 2576 1327 2640 ille
1345 2577 1495 2642 Caesaris
1512 2577 1641 2661 legibus

151 2682 251 2726 omne
282 2663 373 2726 nefas
407 2664 607 2726 exstinctum
641 2662 868 2744 populumque
893 2665 1001 2728 denuo
1027 2628 1276 2736 ’corroboratum
1302 2687 1375 2730 esse
1399 2668 1539 2750 exponit
1564 2688 1639 2750 per-

153 2753 267 2833 gitque
291 2773 320 2815 v.
346 2751 388 2817 25
412 2773 484 2833 sqq

407 2895 489 2977 Quis
512 2897 669 2961 Parthum
693 2907 883 2977 paveat,
910 2898 981 2978 quis
1006 2898 1152 2981 gelidum
1176 2899 1324 2982 Scythen

406 2989 478 3067 quis
507 2984 760 3049 Germania
792 3007 909 3067 quos
940 2987 1134 3051 horrida
1166 2992 1384 3072 parturit

405 3075 499 3156 letus,
523 3075 676 3139 incolumi
700 3075 925 3140 Caesarei
957 3077 1039 3158 Quis
1063 3078 1192 3142 serae

404 3164 527 3228 bellum
551 3175 644 3230 curet
668 3164 844 3228 Hiberiae?

148 3313 267 3466 Happo
291 3311 479 3375 dubitanter
514 3303 666 3374 Sidonius
696 3310 806 3372 Flacci
836 3311 985 3394 vestigiis
1018 3314 1186 3394 ingressus
1217 3277 1405 3434 composuit
1439 3313 1573 3378 haece.
1598 3309 1639 3390 V,

145 3422 168 3464 v
290 3422 362 3482 sqq.

421 3529 542 3608 .quod
567 3525 673 3590 nullus
698 3536 849 3605 tempore
873 3537 988 3590 nostro

358 3576 395 3678 A
404 3639 423 3680 u
437 3637 459 3698 g
473 3627 610 3682 ustus
634 3616 760 3698 potuit:
784 3617 873 3698 rigi
887 3618 983 3681 dum
1007 3615 1231 3699 septemplicis
1255 3617 1358 3681 Histri

360 3725 481 3787 agmen
504 3707 536 3769 in
560 3725 652 3768 arma
675 3706 782 3785 rapis;
807 3725 883 3768 nam
907 3706 1318 3788 quicquid‘languidus
1341 3706 1413 3768 axis

360 3796 492 3859 cardine
514 3793 665 3860 Sithonio
689 3793 750 3858 sub
774 3795 935 3859 Parrhase
960 3796 1175 3878 parturit
1198 3796 1329 3876 Ursa,

359 3883 423 3946 hoc
447 3896 554 3949 totum
578 3894 634 3949 tua
658 3885 752 3966 signa
777 3897 930 3965 pavet.

150 4027 244 4110 Quos
279 4048 393 4091 versus
417 4029 616 4093 Horatianos
640 4029 843 4111 Apollinaris
877 4030 978 4094 menti
1008 4029 1061 4092 hic
1095 4030 1291 4095 obversatos
1323 4050 1396 4093 esse
1430 4030 1507 4093 honi
1541 4030 1639 4092 animi

146 4120 273 4183 credas.
305 4118 392 4181 Nam
410 4129 587 4200 utrumque
604 4117 712 4182 locum
737 4131 1001 4200 comparantem,
1025 4139 1123 4200 quem
1147 4120 1262 4201 fugere
1286 4130 1398 4200 potest
1423 4122 1638 4201 congruentia

146 4207 209 4284 illa,
236 4227 321 4289 quae
346 4209 518 4275 intercedit
551 4211 634 4271 inter
654 4210 806 4280 rationes
839 4210 957 4292 quibus
982 4218 1120 4290 uterque
1144 4211 1285 4291 scriptor
1309 4211 1447 4271 eandem
1473 4209 1539 4271 sere
1564 4229 1637 4271 seu·

144 4299 283 4363 tentiam
320 4297 460 4381 geminis
501 4299 670 4378 expressit
704 4297 843 4364 verbis?
880 4299 1001 4361 Nonne
1026 4298 1150 4362 Sidonii
1174 4299 1304 4361 dicendi
1336 4301 1420 4361 ratio
1460 4298 1639 4378 »quidquid

143 4387 317 4470 languidus
341 4389 414 4451 axis
438 4390 594 4470 parturit«
623 4436 630 4451 .
660 4438 665 4451 .
691 4435 697 4449 .
730 4387 857 4468 optime
881 4389 1064 4470 respondet
1096 4385 1173 4451 huic
1197 4387 1398 4451 Horatianae
1429 4407 1532 4467 »quos
1556 4386 1639 4455 Ger·

144 4479 251 4540 mania
284 4477 415 4540 horrida
449 4475 633 4560 parturite?
666 4477 782 4558 Atque
806 4476 933 4540 Sidonii
966 4478 1173 4542 enuntiatum
1208 4475 1291 4538 »hoc
1324 4486 1431 4540 totum
1463 4471 1519 4540 tua
1545 4479 1638 4558 signa

144 4577 264 4646 pavet«
283 4568 439 4646 quidnam
462 4566 550 4630 aliud
568 4565 730 4648 significat
754 4587 853 4647 quam
870 4567 1002 4631 Horatii
1018 4587 1088 4629 vox
1109 4566 1291 4649 elegantior
1316 4568 1489 4647 magisque
1506 4568 1638 4647 poetica

148 4655 238 4734 »quis
261 4654 420 4720 Parthum
444 4668 574 4736 paveat,
601 4657 673 4736 quis
699 4656 844 4737 gelidum
869 4655 1039 4738 Scythen«
1068 4678 1096 4723 e.
1126 4678 1155 4736 q.
1179 4655 1229 4720 s?

251 4793 272 4864 ¹)
294 4801 417 4862 Quartum
439 4801 504 4849 enim
525 4815 602 4850 carm.
623 4801 686 4850 Hor.
716 4800 808 4850 librum
829 4799 934 4849 summis
955 4799 980 4848 in
1001 4801 1103 4849 deliciis
1124 4799 1257 4851 Sidonium
1277 4795 1341 4849 ideo
1361 4800 1481 4850 habuisse
1502 4801 1635 4864 suspicor.

143 4869 262 4934 quoniam
292 4871 314 4925 in
334 4871 380 4920 illo
402 4871 467 4920 libro
487 4873 611 4922 Horatius
631 4872 750 4921 eximiam
771 4872 895 4921 orationis
927 4872 1065 4921 elationem
1087 4889 1116 4920 ac
1136 4887 1217 4936 paene
1243 4869 1488 4936 magniloquentiam
1512 4873 1636 4921 adfectat.

143 4943 224 4991 lrurno
244 4949 322 5005 poeta
342 4943 490 4994 Venusinus
509 4943 638 4993 nonnullis
658 4944 732 4993 huius
746 4943 806 4992 libri
821 4943 888 4994 locis
904 4943 1022 4993 oratione
1038 4945 1115 4994 altius
1139 4945 1295 5007 exaggerata
1313 4943 1404 5000 utitur,
1425 4944 1450 4993 id
1467 4945 1533 5007 quod
1553 4945 1637 5008 Apol-

143 5013 228 5071 linari,
248 5029 296 5076 qua
317 5015 423 5064 ardebat
443 5015 577 5079 magnifice
594 5015 714 5080 loquendi
728 5015 873 5079 cupiditate
894 5010 935 5081 (cl.
950 5014 1201 5076 Teuffel-Schwabe,
1222 5016 1276 5065 litt.
1292 5011 1442 5079 historlp.
1464 5012 1542 5079 1105)
1565 5017 1637 5064 certe

142 5085 264 5148 cupedia,
284 5092 311 5134 ut
331 5086 368 5133 ita
388 5086 481 5150 dicam,
502 5086 580 5136 fuisse
600 5086 773 5150 intellegetur.

1583 5196 1598 5243 3
