3876 5604
956 317 1134 382 -20-

410 534 500 611 »ipse
525 551 582 613 per
606 532 779 600 obstantes
803 533 945 616 populos
969 549 1151 610 raucosque
1178 532 1325 616 fragores

407 621 603 701 praecedam
627 633 661 684 et
684 625 784 696 tenui,
810 624 893 687 sicut
917 638 1011 697 nunc,
1034 622 1180 684 carmine
1203 623 1312 685 dicam

406 721 439 774 te
464 712 612 792 geminas
636 709 755 793 Alpes,
780 711 896 795 Syrtes
920 723 953 776 te
977 745 1019 756 —
1044 718 1077 772 te
1101 710 1246 792 Libycas
1270 749 1312 757 —
1336 712 1503 775 domuisse
1528 720 1690 776 catervas.

299 850 499 933 conspirare
523 852 556 915 hi
580 854 713 934 quidem
731 875 846 919 versus
869 855 948 917 mihi
972 854 1125 918 videntur
1149 873 1222 917 eum
1246 853 1468 938 compluribus
1492 865 1613 936 poetae
1629 854 1794 918 Venusini

300 939 380 1003 locis
388 964 397 1022 3
423 942 502 1004 dum
529 963 594 1004 non
619 955 687 1006 tam
705 965 806 1009 voces
830 943 986 1026 singulas,
1004 962 1102 1023 quam
1127 953 1232 1009 totam
1256 946 1451 1010 sententiam
1468 945 1624 1008 curiosius
1648 945 1790 1014 intueor,

299 1049 414 1092 versus
428 1029 600 1095 Horatiani
624 1035 789 1114 prioribus
805 1034 900 1097 vicini
924 1033 965 1116 (c.
982 1030 1042 1107 IV,
1062 1030 1091 1107 2,
1109 1031 1153 1096 45
1170 1031 1258 1118 sqq.)
1283 1035 1360 1096 mihi
1383 1035 1415 1096 in
1440 1029 1585 1097 mentem
1609 1045 1791 1106 recurrunt,

299 1118 355 1180 ubi
378 1119 536 1183 Horatius
561 1123 630 1201 pari
655 1124 757 1185 modo
781 1143 922 1187 sese-
946 1124 972 1184 si
996 1141 1127 1185 carmen
1152 1123 1304 1186 idoneum
1322 1124 1521 1204 processerit
1549 1157 1585 1166 -
1611 1121 1792 1186 Caesarem

300 1208 449 1271 laudibus
474 1208 635 1274 elaturum
661 1231 735 1275 esse
758 1213 804 1276 ita
828 1211 1037 1294 pronuntiat:

299 1380 369 1435 tum
389 1391 491 1446 meae,
513 1375 540 1435 si
559 1373 637 1454 quid
657 1373 774 1456 loquar
792 1375 990 1439 audiendum
1099 1373 1244 1454 pulcher,
1269 1394 1290 1436 o
1314 1373 1494 1438 laudande«
1516 1393 1631 1436 canam
1655 1381 1790 1456 recepto

302 1463 394 1524 vocis
418 1463 555 1527 accedet
578 1465 666 1525 bona
699 1483 778 1546 pars
802 1475 836 1529 et
870 1485 909 1526 ro
940 1462 990 1526 sol
1317 1463 1457 1528 Caesare
1480 1461 1569 1526 felix.
1615 1463 1618 1474 '

406 1620 542 1686 Praeter
565 1624 675 1686 omnia
707 1621 773 1688 Sid.
798 1643 910 1687 versus
933 1619 999 1686 593
1032 1626 1273 1704 comparandus
1303 1636 1355 1689 est
1378 1644 1452 1687 cum
1476 1624 1593 1688 Horati
1617 1646 1646 1688 v.
1669 1623 1712 1687 45
1736 1641 1788 1702 sq.

299 1709 382 1773 Cum
419 1710 620 1790 Apollinaris
652 1714 824 1790 modestia,
861 1732 945 1794 quae
978 1713 1063 1777 inest
1095 1713 1203 1776 verbis
1243 1717 1361 1788 »tenui
1396 1715 1479 1778 sicut
1511 1734 1607 1794 nunc,
1642 1713 1787 1776 carmine

299 1800 426 1862 dicam«
454 1800 662 1866 conferantur
687 1822 735 1881 ea,
766 1822 849 1883 quae
882 1822 983 1884 supra
1012 1803 1241 1866 adnotavimus
1273 1805 1316 1866 ad
1347 1802 1413 1869 Sid.
1446 1824 1498 1884 ep.
1533 1801 1589 1877 IX,
1627 1803 1677 1881 15,
1713 1799 1787 1865 lv.

302 1887 342 1954 15
366 1909 438 1972 sqq.
465 1891 618 1954 Ceterum
642 1911 682 1954 eo
706 1889 792 1966 loco,
817 1893 859 1954 de
883 1910 948 1972 quo
971 1911 1080 1970 sermo
1105 1902 1164 1971 est,
1190 1892 1327 1955 Flaccus
1351 1892 1438 1957 haud
1464 1894 1569 1955 minus
1593 1890 1787 1954 verecundis

300 1979 398 2042 utitur
422 1980 530 2043 verbis
565 1981 611 2043 »si
643 1982 723 2061 quid
745 1979 861 2063 loquar
893 1983 1090 2044 audiendum
1114 2017 1157 2026 -
1181 2000 1328 2046 canam«.
1374 1982 1457 2047 Cum
1489 1983 1562 2064 ipsa
1584 1980 1788 2063 Apollinaris

299 2086 382 2131 voce
410 2071 558 2150 »tenui
583 2070 697 2134 sicut
720 2090 828 2133 nunc
854 2122 860 2134 .
885 2118 892 2135 .
917 2097 944 2134 .‹
963 2072 1145 2151 comparari
1160 2081 1302 2152 possunt
1319 2071 1399 2136 Hor.
1414 2087 1472 2136 art.
1487 2090 1521 2151 p.
1539 2069 1603 2135 202
1619 2091 1667 2153 sq.
1688 2070 1787 2133 »tibia

299 2175 374 2230 non,
400 2167 443 2222 ut
465 2178 584 2242 nunc,
608 2194 652 2204 -
675 2160 749 2222 sed
776 2161 926 2224 tenuis
950 2159 1178 2240 simplexque«
1199 2172 1232 2225 et
1256 2161 1336 2226 Hor.
1354 2181 1380 2226 c.
1396 2157 1423 2238 Ι,
1439 2158 1469 2236 6,
1487 2159 1524 2243 9;
1552 2160 1602 2238 16,
1619 2158 1659 2234 11,
1676 2157 1727 2224 38.
1745 2194 1788 2204 —

300 2244 406 2309 Porro
431 2248 633 2313 enuntiatum
659 2248 817 2313 sollemne
849 2259 900 2313 est
924 2247 1075 2331 Horatio,
1100 2249 1190 2330 quod
1222 2251 1362 2330 praebet
1386 2249 1538 2314 Sidonius
1562 2269 1591 2316 v,
1615 2247 1681 2312 492
1709 2268 1787 2328 »per

299 2335 470 2401 obstantes
494 2338 637 2419 populos
661 2336 919 2422 (praecedam)‹,
945 2359 1029 2419 quae
1054 2338 1176 2401 locutio
1210 2350 1299 2403 certe
1323 2338 1493 2402 referenda
1517 2350 1568 2404 est
1591 2340 1634 2401 ad
1658 2337 1787 2401 Horatii

299 2424 490 2507 exemplum
513 2427 601 2493 cle.
625 2424 683 2511 111,
716 2427 745 2504 5,
778 2425 820 2492 51
855 2447 904 2510 sq.
939 2429 1096 2506 ’dimovit
1130 2427 1372 2492 obstantes
1407 2429 1606 2491 iuvenum
1638 2441 1787 2491 cater-

299 2514 447 2599 vas‹;1)
470 2536 497 2581 c.
521 2514 583 2590 IV,
615 2517 647 2598 9,
672 2517 724 2582 43.
749 2552 792 2562 —
816 2517 968 2599 Denique
1000 2518 1203 2597 repetitionis
1235 2538 1312 2581 usus
1343 2517 1404 2593 ille,
1438 2520 1492 2601 qui
1528 2519 1727 2598 conspicitur
1757 2536 1786 2578 v.

299 2599 365 2667 594
388 2622 436 2686 sq.
460 2603 506 2688 (te
530 2606 822 2689 geminas-Alpes
847 2605 964 2688 Syrtes
989 2617 1031 2680 te,
1064 2617 1098 2670 te
1122 2655 1128 2669 .
1152 2655 1159 2670 .
1186 2607 1208 2686 .)
1244 2609 1449 2672 revocandus
1481 2627 1554 2670 esse
1585 2608 1713 2670 videtur
1745 2606 1787 2668 ad

299 2692 378 2760 Hor.
414 2713 441 2756 c.
475 2693 535 2768 IV,
570 2698 619 2778 14,
653 2696 693 2759 41
720 2713 788 2778 sq,
826 2696 867 2758 de
898 2714 963 2777 quo
996 2694 1068 2758 loeo
1102 2714 1201 2776 supra
1231 2695 1366 2760 lecimus
1399 2699 1609 2762 mentionem.
1655 2694 1787 2777 Quanta

299 2801 378 2846 sane
402 2781 606 2865 Apollinaris
630 2786 813 2850 studiorum
839 2785 1007 2867 diligentia
1030 2784 1304 2849 Horatianoruml

589 2928 739 3012 Denique
763 2928 942 2993 contulisse
964 2928 1088 2992 iuvabit
1112 2927 1179 2992 Sid.
1202 2949 1228 2993 c.
1253 2927 1329 3012 Vll,
1353 2927 1419 2995 502
1443 2947 1492 3011 sq.

374 3067 427 3132 vel
452 3071 608 3154 quidquid
633 3073 675 3136 ab
701 3092 795 3149 aevo,
822 3070 826 3158 Ι
852 3071 915 3135 nil
939 3083 982 3137 te
1007 3073 1198 3243 mundssqs
1222 3072 1323 3138 habet
1346 3072 1527 3153 meliuS,
1551 3073 1617 3136 nil
1641 3075 1712 3155 ipsa

928 3172 1135 3227 senatu«.

299 3322 372 3365 cum
397 3303 544 3368 eiusdem
569 3325 667 3370 carm.
692 3308 771 3373 Hor.
797 3327 825 3370 v.
850 3289 999 3388 37'sqq,
1026 3303 1080 3369 ubi
1105 3304 1265 3388 legImus:

618 3470 707 3532 quo
731 3449 853 3514 nihil
877 3448 983 3513 maius
1008 3449 1240 3513 meliusve
1264 3452 1413 3516 terris

618 3539 685 3606 fata
709 3541 873 3604 donavere
897 3539 1041 3621 bonique
1066 3540 1131 3604 divi
1157 3537 1161 3626 l
1187 3560 1265 3603 nec
1289 3540 1413 3605 dabunt
1437 3589 1445 3606 .
1470 3591 1476 3603 .

298 3682 406 3747 Minus
430 3685 660 3751 convenienter
684 3683 850 3748 Geislerus
873 3686 905 3747 in
930 3685 1007 3748 diss.
1033 3704 1109 3766 pag.
1137 3683 1175 3750 17
1201 3705 1240 3748 ea
1263 3682 1343 3748 Solii
1381 3655 1482 3748 verba
1506 3685 1677 3765 componit
1711 3705 1785 3749 cum

298 3771 379 3834 Hor.
404 3794 503 3842 carm.
527 3795 610 3841 saec.
637 3777 676 3842 11
702 3794 751 3856 ει]λ

663 3920 772 4000 possis
796 3918 874 3982 nihil
898 3920 977 3983 urbe
1001 3919 1110 3981 Roma
1136 3914 1140 4004 Ι
1165 3919 1270 3981 visere
1295 3919 1416 3995 maius;

300 4080 499 4144 quamquam
531 4064 632 4127 verba
667 4065 736 4127 eius
770 4064 842 4140 loci,
879 4085 977 4146 quem
1011 4067 1082 4146 ipse
1113 4059 1218 4140 attuli,
1251 4059 1367 4124 melius
1400 4063 1562 4144 quadrant
1586 4064 1627 4126 ad
1662 4065 1785 4128 Sidonii

299 4151 476 4215 dictionem
500 4153 593 4238 (Hor.
622 4171 707 4235 »quo
732 4154 809 4217 nihil
834 4154 949 4218 melius
973 4155 1087 4218 terrisr
1114 4150 1181 4215 Sid.
1202 4150 1264 4213 »nil
1280 4161 1314 4213 te
1339 4153 1480 4214 mundus
1497 4153 1599 4216 habet
1623 4152 1782 4232 melium),

299 4250 409 4305 tamen
433 4239 572 4306 Geisleri
597 4245 787 4324 opinionem
812 4265 877 4307 non
903 4246 1013 4325 utique
1045 4240 1254 4305 refutaverim
1279 4251 1467 4322 propterea,
1504 4243 1591 4323 quod
1616 4239 1783 4304 Sidonium

299 4329 493 4412 plerumque
532 4334 696 4396 variorum
731 4333 840 4398 Flacci
874 4333 1022 4396 locorum
1062 4331 1220 4395 memoria
1256 4331 1391 4394 excitari
1428 4332 1586 4397 novimus.
1632 4329 1781 4405 Accedit,

299 4421 389 4502 quod
413 4432 550 4504 uterque
574 4433 675 4503 poeta
698 4423 759 4486 illis
784 4422 893 4486 verbis
918 4423 1052 4486 urbis
1077 4422 1249 4484 Romae
1275 4420 1443 4485 caritatem
1461 4419 1614 4494 declarat,
1640 4428 1673 4482 et
1695 4418 1783 4499 quod

298 4508 456 4576 Sidonius
495 4511 673 4576 identidem
712 4533 844 4576 carmen
877 4510 1045 4575 saeculare
1082 4511 1219 4575 strictim
1254 4511 1368 4592 tangit.
1415 4509 1500 4571 Nam
1533 4519 1665 4589 praeter
1697 4506 1784 4570 hunc

299 4599 408 4663 locum
432 4598 495 4663 huc
519 4602 752 4665 advocaverim
777 4599 860 4665 Hor.
885 4623 912 4665 c.
938 4620 1024 4666 saec.
1048 4623 1079 4666 v.
1104 4599 1146 4663 47
1172 4618 1222 4681 sq.
1263 4598 1443 4661 »Romulae
1468 4598 1559 4678 genti
1584 4597 1689 4661 date
1714 4616 1783 4659 rem

299 4687 522 4774 prolemque!
549 4701 594 4755 et
623 4692 769 4754 decus
801 4711 962 4754 omne«.
1011 4689 1105 4772 Quos
1141 4708 1255 4751 versus
1291 4686 1518 4769 Apollinarem
1553 4703 1630 4750 anre
1666 4686 1784 4749 oculos

409 4833 429 4900 ¹)
450 4836 483 4884 cs.
505 4836 582 4884 etiam
602 4836 654 4885 Sid.
676 4852 715 4900 ep.
737 4837 781 4900 lX,
801 4839 825 4891 9.
848 4838 879 4885 12
904 4851 909 4887 :
929 4836 1029 4886 iuvenis
1049 4831 1147 4884 inter
1167 4835 1338 4884 hostiles
1358 4831 1523 4896 conspicatus
1542 4838 1732 4896 catervas,
1753 4857 1784 4868 -

298 4909 333 4960 nil
354 4923 419 4972 per
438 4908 655 4958 obstantes
674 4909 810 4972 repulsus:

406 4990 426 5059 Ι)
447 4996 512 5047 Sane
537 5001 607 5046 totus
635 4996 678 5045 hic
701 4997 774 5047 locus
795 4999 951 5047 Horatianus
971 5001 1020 5060 est,
1039 4996 1111 5046 cuius
1132 4996 1238 5044 sormam
1259 5008 1412 5058 componere
1432 4993 1509 5041 liceat
1531 5009 1588 5044 eum
1605 4995 1668 5043 lior.
1689 5009 1728 5058 ep.
1751 4994 1773 5042 ll

301 5069 325 5133 1,
346 5065 387 5122 17.
407 5069 446 5118 Ad
467 5075 605 5119 extremum
623 5069 656 5120 cf.
677 5069 739 5122 Hor.
760 5085 781 5118 e.
802 5071 821 5126 1,
843 5067 884 5132 12,
906 5071 937 5119 17
959 5065 1033 5135 (unde
1053 5068 1104 5118 nil
1126 5068 1243 5117 maius
1264 5071 1398 5130 generatur
1418 5065 1522 5130 ipso).
