3876 5604
939 335 1117 399 ..44-

492 552 825 633 ...quinquaginta
848 569 975 613 enses
1000 549 1129 632 genitor
1152 547 1315 631 quibus
1338 547 1500 630 impius
1524 558 1652 630 aptat

493 649 527 704 et
550 641 607 704 dat
630 641 827 703 concordem
851 636 1018 703 discordia
1042 641 1130 702 iussa
1154 637 1307 702 furorem.

280 761 410 845 Quibus
433 764 465 826 in
488 763 638 829 versibus
662 763 908 830 conscribendis
924 762 1155 848 Apollinarem
1179 762 1340 828 memoria
1365 765 1546 828 Horatiana
1570 765 1766 827 suscitatum

281 872 354 916 esse
378 873 440 936 pro
466 864 560 919 certo
585 855 820 918 contenderim.
845 855 982 918 Flaccus
1006 854 1092 917 enim
1117 857 1249 937 epodon
1272 854 1414 917 carmine
1439 853 1581 935 septimo
1597 852 1767 914 Romanos

280 941 468 1007 vehementi
492 945 619 1025 impetu
643 941 804 1007 irruentes
828 945 1028 1020 cohortatur,
1061 964 1102 1006 ne
1135 942 1229 1006 bellis
1260 940 1410 1006 civilibus
1441 942 1557 1005 urbem
1587 942 1766 1005 secundum

280 1030 425 1096 hostium
449 1042 530 1098 vota
555 1031 624 1114 ipsi
645 1032 794 1117 perdant.
842 1032 943 1114 Quod
967 1053 1099 1096 carmen
1123 1036 1168 1097 ita
1191 1031 1385 1096 incohatur:

585 1157 671 1241 Quo,
696 1178 763 1238 quo
787 1157 995 1223 scelesti
1018 1157 1112 1224 ruitis
1136 1169 1272 1224 auteur
1296 1160 1496 1224 dexteris

582 1235 792 1330 aptantur
815 1267 943 1312 enses
967 1247 1110 1313 conditi?

280 1371 400 1435 Nonne
427 1391 502 1435 cum
526 1370 659 1436 Horatii
683 1373 771 1437 dicto
799 1375 962 1439 »dexteris
986 1385 1141 1458 aptantur
1165 1395 1278 1438 enses«
1314 1385 1391 1456 apte
1422 1386 1642 1456 componetur
1675 1391 1768 1436 com-

281 1460 463 1542 prehensio
486 1459 666 1526 Sidoniana
694 1483 807 1526 »enses
841 1462 961 1546 quibus
993 1465 1112 1546 impius
1145 1464 1278 1546 aptati«
1328 1462 1500 1548 Consentit
1532 1482 1665 1545 quoque
1698 1483 1768 1526 vox

280 1550 410 1614 Horatii
440 1549 611 1615 ›scelesti‹
638 1571 713 1614 cum
737 1550 867 1616 Sidonii
892 1554 994 1616 verbo
1022 1555 1189 1637 »impiusu
1226 1551 1294 1617 Sed
1318 1553 1441 1618 Sidonii
1464 1572 1594 1615 versum
1624 1550 1687 1616 170
1715 1567 1768 1615 »et

280 1641 338 1705 dat
361 1641 562 1704 concordem
586 1638 770 1705 discordia«
797 1691 805 1706 .
830 1691 868 1706 ..
901 1661 976 1705 cum
1000 1645 1078 1709 Hor.
1104 1664 1154 1725 ep.
1177 1644 1199 1716 I,
1230 1642 1269 1707 12
1292 1664 1323 1706 v.
1351 1642 1391 1706 19
1429 1662 1554 1706 »rerum
1585 1641 1767 1704 concordia

280 1727 428 1793 discors«
448 1728 624 1794 conseram.
647 1730 783 1794 Sollium
809 1751 889 1814 ergo
904 1731 968 1795 hoc
991 1732 1065 1795 loco
1090 1735 1174 1797 vatis
1192 1733 1352 1798 Venusini
1376 1734 1606 1796 auctoritatem
1629 1742 1763 1813 specta-

279 1816 424 1883 vissein
448 1818 624 1901 propatulo
649 1831 711 1887 est.
