3876 5604
837 394 1014 460 ...69-

184 614 382 693 integros
413 610 565 676 addito
587 610 743 673 Horati
773 609 940 673 nomine
964 608 1207 689 protulisse
1232 607 1437 670 novimus.
1484 607 1550 671 Ita
1574 608 1670 672 Sol·

185 700 267 763 lius
301 718 443 763 eorum
476 698 621 762 Flacci
652 699 890 778 carminum,
925 716 1102 780 quorum
1137 707 1348 778 tamquam
1379 695 1533 778 ple'nus
1565 708 1672 774 erat,

182 788 324 873 palam
348 808 391 852 se
416 786 623 870 praebuit
646 785 870 871 peritum.¹)
894 791 1068 876 Praeterea
1092 785 1145 850 hic
1170 787 1311 869 scriptor
1334 785 1434 850 etiam
1462 785 1493 848 in
1522 786 1671 868 epistulis

180 871 375 962 plerumque
390 879 506 941 eadem
523 878 639 942 Musae
655 875 844 942 Venusinae
859 896 961 959 opera
985 877 1017 939 in
1040 885 1144 941 artem
1160 893 1253 939 suam
1277 875 1439 940 convertit
1452 873 1557 958 (velut
1573 895 1672 943 carm.

181 967 238 1031 lib.
255 969 295 1037 11.
315 971 343 1046 13
362 965 422 1034 IV.
438 971 468 1045 ἲς
485 967 537 1044 14;
561 986 660 1048 carm,
676 987 773 1048 saec.;
797 977 857 1031 sat.
881 965 934 1031 lib.
949 966 985 1040 ll,
1006 971 1033 1042 13
1051 965 1086 1044 6;
1111 965 1205 1046 epist.
1222 963 1276 1028 lib.
1292 963 1317 1048 1,
1335 961 1388 1043 10;
1412 963 1465 1030 lib.
1482 961 1524 1037 ΙΙ,
1545 966 1560 1029 1
1578 974 1612 1030 et
1628 965 1674 1047 3).
1740 974 1743 980 '

180 1057 397 1139 Quapropter
435 1077 455 1118 a
478 1053 620 1122 veritate
654 1077 720 1120 non
754 1055 1032 1131 valdeaberret,
1069 1052 1098 1116 si
1129 1056 1201 1136 quis
1231 1062 1326 1136 putet
1357 1053 1494 1117 certis
1518 1046 1673 1118 Flacci

180 1147 457 1209 carminibus
480 1145 651 1209 Sidonium
675 1164 881 1229 magnopere
905 1164 977 1210 esse
1002 1140 1240 1223 delectatumff)

289 1252 546 1318 Concedendum
580 1273 659 1316 sanc
683 1264 733 1318 est
756 1254 884 1329 harum,
919 1271 1001 1334 quas
1024 1248 1192 1334 proposui,
1226 1248 1473 1315 similitudinum
1498 1249 1672 1314 nonnullas

183 1363 261 1405 casu
286 1354 375 1406 ortas
399 1362 482 1424 esse,
517 1362 590 1405 cum
622 1343 711 1405 haud
734 1363 807 1405 raro
830 1363 890 1406 usu
914 1338 1036 1416 veniat,
1070 1351 1106 1406 ut
1129 1343 1210 1403 duo
1235 1340 1345 1404 idem
1368 1339 1577 1422 cogitent.
1623 1340 1673 1405 At

123 1452 125 1458 ·
184 1429 305 1495 similes
335 1433 514 1496 sententias
543 1433 605 1496 etsi
639 1433 819 1496 eduorum
851 1432 992 1516 virorum
1024 1429 1187 1495 mentibus
1219 1426 1372 1510 prosilire
1404 1447 1506 1510 posse
1529 1425 1673 1494 libenter

127 1521 132 1532 '
184 1522 403 1598 concedimus,
428 1532 540 1585 tamen
564 1521 695 1585 minime
719 1519 790 1584 veri
813 1519 917 1585 simile
941 1539 1015 1584 esse
1039 1538 1210 1584 censemus
1234 1516 1314 1594 iore,
1339 1528 1417 1582 uta
1440 1517 1571 1582 duobus
1594 1519 1673 1582 viris

184 1610 367 1674 sententiae
393 1608 515 1673 similes
532 1607 674 1691 geminis
688 1610 914 1691 exprimantur
930 1609 1049 1675 verbis.
1073 1609 1175 1671 Porro
1199 1617 1250 1672 tot
1274 1616 1308 1672 et
1323 1605 1408 1670 tales
1423 1606 1542 1671 horum
1566 1604 1674 1689 scrip·

182 1709 293 1762 torum
325 1699 551 1762 similitudines
573 1698 751 1774 attulimus,
783 1709 819 1763 ut
842 1717 904 1780 pro
927 1707 1018 1762 certo
1041 1695 1204 1761 adfirmari
1236 1692 1344 1778 possit
1366 1693 1564 1761 luculentam
1587 1697 1673 1761 inter

183 1807 241 1850 eos
265 1788 466 1851 intercedere
482 1788 760 1870 conspirationem
777 1784 1020 1869 Sidoniumque
1044 1805 1109 1848 non
1133 1785 1234 1850 modo
1259 1785 1372 1865 paucis
1395 1783 1457 1847 illis
1481 1781 1602 1869 locis,³)
1627 1785 1670 1848 de

184 1876 304 1957 quibus
335 1886 413 1957 post
438 1874 639 1940 Savaronem
663 1874 829 1940 Geislerus
852 1873 948 1942 testis
972 1871 1112 1957 exstitit,
1151 1874 1211 1938 sed
1235 1871 1339 1938 multo
1355 1871 1504 1955 pluribus
1527 1869 1673 1956 vestigia

182 1961 344 2028 Venusini
375 1975 496 2047 poetae
527 1967 697 2048 pressisse.
742 1965 871 2030 Certe
901 1962 1184 2046 Apollinaris
1215 1961 1388 2026 Horatii
1420 1980 1502 2026 non
1533 1959 1673 2026 minus

181 2072 343 2135 gnarus
367 2052 449 2118 luit
473 2075 595 2137 quam
618 2051 790 2134 Papinii
814 2052 944 2118 Statii
969 2063 1011 2117 et
1035 2051 1204 2117 Claudii
1227 2050 1463 2116 Claudiani.
1509 2048 1577 2116 Sed
1600 2050 1674 2136 ple-

180 2162 318 2224 rumque
334 2141 491 2206 Sidonius
518 2142 698 2207 »fidicinem
723 2142 814 2224 lyrae
831 2143 1021 2206 Romanae«
1047 2161 1112 2205 non
1135 2141 1180 2207 ita
1195 2140 1340 2206 imitatus
1364 2150 1424 2218 est,
1450 2150 1486 2204 ut
1510 2141 1672 2204 maiorem

179 2232 329 2295 carminis
360 2243 490 2314 partem
522 2232 574 2296 vel
606 2232 793 2313 complures
825 2252 939 2296 versus
963 2230 1165 2295 Horatianos
1188 2230 1256 2293 sine
1288 2247 1410 2310 magna
1427 2229 1616 2295 'variatione
1641 2231 1673 2292 in

178 2340 249 2384 rem
273 2339 367 2384 suam
391 2318 593 2400 transferret;
626 2321 685 2386 sed
709 2321 1032 2400 comprehensiones,
1065 2319 1244 2383 carminum
1277 2315 1422 2396 frustula,
1447 2315 1673 2399 locutiones‚⁴)

179 2428 334 2473 versuum
358 2407 537 2492 particulas
561 2409 708 2474 aemulus
732 2409 783 2472 ille
807 2409 897 2474 libris
921 2407 989 2474 suis
1013 2407 1159 2474 inseruit.
1188 2403 1309 2471 Rarius
1332 2405 1510 2489 ampliores
1535 2425 1674 2489 poema·

181 2509 251 2561 tum
275 2497 530 2562 Horatianorum
554 2510 666 2581 partes
691 2499 891 2584 expressit.⁵)
937 2497 1122 2562 Nonnullos
1150 2507 1261 2562 autem
1284 2495 1393 2559 Flacci
1427 2494 1519 2558 locos
1543 2531 1587 2543 —
1611 2497 1674 2560 nisi

183 2585 295 2664 opinio
330 2607 383 2650 me
406 2586 518 2652 fefellit
549 2625 592 2634 -—
623 2587 670 2653 ita
694 2589 838 2654 imitatus
862 2598 922 2663 est,
955 2598 991 2652 ut
1014 2586 1314 2669 splendidissimum
1338 2583 1455 2649 Musae
1477 2581 1673 2649 Venusinae

183 2677 323 2740 nitorem
354 2676 406 2740 vel
437 2677 583 2758 paullum
615 2675 649 2741 in
674 2679 767 2758 peius
799 2675 981 2742 declinaret
991 2676 1017 2760 6)
1050 2675 1103 2740 vel
1135 2694 1339 2757 magnopere
1362 2671 1558 2757 inquinaret.
1605 2673 1673 2738 Sed

183 2765 345 2830 accedunt
369 2765 431 2828 alia
455 2767 606 2848 adhaec,
631 2787 716 2848 quae
740 2768 846 2849 magis
869 2766 1039 2830 oflendunt
1056 2761 1238 2848 legentium
1261 2760 1403 2827 animos.
1427 2760 1555 2827 infelici
1580 2761 1670 2828 enim

141 2866 144 2872 ·
183 2852 332 2917 ubertate
356 2857 498 2937 scriptor
520 2856 573 2921 ille
595 2857 765 2937 praeditus
781 2867 831 2921 est
854 2866 953 2937 atque
978 2855 1021 2917 ob
1046 2852 1154 2935 ipsam
1181 2852 1268 2916 illam
1285 2855 1473 2920 ubertatem
1497 2871 1575 2916 suus
1599 2853 1671 2936 ipse

182 2942 362 3006 identidem
386 2942 519 3010 exsistit
542 2943 689 3011 imitator
700 2945 724 3030 ⁷)
750 2957 784 3010 et
807 2964 907 3009 voces
931 2963 969 3006 ac
992 2940 1174 3009 sententias
1190 2942 1279 3007 haud
1303 2938 1403 3006 semel
1430 2937 1579 3005 eiusdem
1602 2961 1671 3004 car·

182 3033 277 3094 minis
316 3031 399 3116 (sive
437 3033 609 3118 epistulae)
644 3039 751 3102 iterat.
802 3036 855 3097 De
890 3033 959 3097 eius
992 3032 1093 3097 modo
1126 3031 1290 3096 scribendi
1325 3032 1462 3095 semotis
1498 3040 1671 3112 poetarum

181 3119 411 3184 Romanorum
436 3121 674 3188 imitationibus
706 3123 808 3188 multa
842 3134 917 3188 sunt
940 3124 1091 3197 notanda,
1117 3122 1280 3204 quaedam
1305 3119 1584 3203 reprehendenda.
1633 3117 1673 3182 In

181 3207 335 3274 versibus
361 3210 534 3275 fundendis
558 3232 623 3276 non
647 3209 831 3287 incallidus,
867 3213 965 3275 nimia
989 3209 1172 3276 subtilitate
1206 3209 1386 3275 sententias
1410 3207 1549 3274 involvit
1571 3209 1669 3287 adeo,

158 3295 218 3362 ut
255 3311 401 3364 mentem
437 3302 568 3383 saepius
602 3300 758 3365 obscuret
782 3297 934 3386 quaesita
966 3297 1109 3383 caligine
1134 3310 1168 3365 et
1190 3298 1346 3362 audaciae
1370 3295 1552 3380 indulgeat,
1578 3294 1673 3362 cuius

181 3386 342 3454 terminos
377 3387 437 3453 vix
471 3391 668 3472 adgnoscas.
714 3387 754 3452 In
789 3388 935 3454 involuta
969 3388 1162 3471 saepissime
1186 3387 1363 3470 allegorica
1395 3383 1548 3452 oratione
1572 3398 1672 3470 atque

182 3475 322 3544 historia
358 3476 494 3543 fabulari
527 3499 653 3542 morem
676 3476 982 3543 Alexandrinorum
1017 3489 1191 3560 poetarum
1216 3476 1381 3542 adfectare
1405 3476 1670 3559 videturpoeta,

181 3585 256 3628 cum
291 3565 551 3650 intemperanter
586 3568 790 3649 metaphoris
815 3577 924 3633 utatur
947 3587 985 3630 ac
1010 3568 1108 3630 nimia
1132 3563 1305 3631 docilitate
1339 3565 1670 3632 nitescere'studeat.

11 3751 14 3758 .
57 3681 60 3685 ·
134 3723 135 3728 ἵ
182 3651 265 3716 Ideo
301 3675 405 3737 usque
440 3658 483 3720 ad
518 3655 708 3722 satietatem
744 3656 994 3739 molestiamque
1028 3654 1186 3737 figuratas
1210 3664 1347 3736 usurpat
1378 3674 1487 3720 voces.
1531 3655 1585 3718 De
1617 3652 1672 3717 illo

184 3753 285 3820 poeta
307 3754 418 3806 tamen
442 3743 596 3808 iudicium
621 3766 686 3809 non
710 3745 807 3828 plane
831 3766 973 3829 aequum
997 3744 1163 3824 ferremus,
1190 3741 1219 3808 si
1243 3741 1367 3808 notatis
1391 3741 1669 3826 reprehensisque

182 3826 270 3894 vitiis
304 3851 371 3894 non
407 3831 552 3914 ingenue
585 3834 814 3915 profiteremur
849 3836 1024 3918 aliquoties
1059 3853 1133 3896 eum
1159 3830 1308 3896 feliciore
1332 3852 1412 3896 sane
1437 3831 1571 3915 ingenio
1597 3852 1671 3896 esse

183 3939 287 3985 usum.
334 3921 479 3986 Exstant
516 3925 601 3986 enirn
639 3923 674 3988 in
714 3923 837 3988 Sidonii
873 3922 1004 4007 scriptis
1040 3923 1103 3986 loci
1136 3920 1258 3986 eximia
1296 3921 1392 3986 laude
1416 3923 1674 4003 haudquaquam

182 4007 317 4090 indigni.
365 4013 429 4073 Per
454 4010 629 4078 molestam
654 4035 693 4076 ac
718 4033 819 4095 saepe
844 4012 988 4080 sterilem
1013 4015 1199 4078 ubertatem
1223 4011 1368 4074 nonnulli
1406 4008 1493 4077 sicut
1516 4009 1614 4074 flores
1639 4007 1673 4074 in

290 4220 311 4290 ¹)
333 4227 370 4275 Cf.
392 4227 554 4278 notissimum
575 4229 637 4280 illud
661 4247 770 4293 „wovon
791 4233 834 4281 das
857 4233 924 4282 llere
944 4233 999 4282 voll
1019 4234 1061 4286 ist.
1083 4233 1166 4282 daron
1187 4233 1246 4296 geht
1267 4232 1310 4280 det·
1331 4230 1408 4280 Mund
1428 4225 1517 4283 llber‘.

287 4309 309 4380 ²)
328 4318 400 4378 Quae
421 4318 573 4367 Germanice
592 4337 615 4368 vr
628 4338 714 4372 camus
737 4319 881 4380 „Sidonius
903 4321 1158 4385 Lieblingsgedichte
1178 4337 1223 4372 aus
1243 4319 1355 4372 Horaz'¹.

291 4401 313 4471 ³)
334 4405 476 4456 Nonnullos
496 4409 587 4458 doctus
607 4410 652 4460 ille
672 4411 710 4460 vir
730 4411 795 4460 lulso
816 4411 907 4460 tribuit
928 4411 1049 4475 Vergilio
1070 4412 1109 4460 vel
1131 4410 1202 4460 falsis
1224 4410 1328 4460 Horatii
1348 4409 1423 4460 locis.

287 4489 307 4558 ⁴)
329 4497 442 4556 Quarum
462 4494 487 4542 in
508 4495 586 4545 tertia
606 4498 681 4547 huius
700 4499 909 4562 quaestiunculae
935 4505 1007 4562 parte
1036 4498 1115 4548 hubui
1144 4499 1279 4552 rationem.
1319 4499 1370 4550 Ubi
1398 4499 1421 4548 si
1453 4497 1564 4548 fortasse
1582 4511 1670 4546 'unum

181 4563 322 4614 alterumve
343 4566 487 4630 exemplum
510 4567 609 4630 legitur,
630 4570 661 4618 de
691 4569 765 4618 cuius
793 4569 841 4620 lide
873 4570 986 4619 dubitari
1014 4571 1106 4635 possit.
1135 4571 1197 4620 satis
1225 4569 1329 4626 habebo
1359 4570 1529 4635 amplificasse
1558 4568 1669 4618 Geisleri

186 4635 273 4690 „loces
292 4637 392 4686 similes
413 4645 531 4687 autorum
552 4640 660 4690 Sidonio
680 4640 863 4693 anteriorum“.
1363 4637 1365 4644 ¹

185 4791 189 4801 ⁸
290 4723 310 4789 ⁵)
331 4727 415 4777 rlliter
436 4734 514 4792 utque
534 4729 559 4776 in
581 4729 684 4792 Papinii
706 4729 784 4780 Statii
804 4731 967 4793 imitatione3
990 4731 1029 4780 Cs.
1055 4730 1260 4797 Bitschol'sly.l
1291 4734 1306 4785 l.
1327 4747 1402 4795 pagg.
1438 4731 1534 4782 tl-bs.
1572 4730 1674 4780 Doctus

183 4791 227 4839 rlle
248 4793 288 4841 vir
307 4801 464 4860 argumentis
484 4801 604 4862 gravibus
634 4801 758 4850 rel'ulasse
787 4803 850 4850 mihi
881 4803 982 4852 videtur
1012 4803 1105 4851 hlolrrii
1135 4820 1224 4852 vanarn
1255 4803 1450 4854 coniecturam:
1482 4801 1550 4859 „Die
1579 4817 1673 4866 augen-

182 4864 356 4942 scheinliehen
377 4869 570 4933 Entlehmngen
591 4888 635 4920 nus
656 4873 786 4922 Ersterem
808 4870 956 4938 (Claudiani
977 4874 1046 4924 wohl
1066 4875 1172 4938 ‹loppelt
1194 4891 1222 4922 so
1244 4874 1371 4930 zahlreieh
1403 4869 1451 4940 (als
1480 4889 1525 4922 aus
1545 4869 1671 4933 Statiusl'

183 4934 235 4982 vul.
257 4936 285 4988 l‘.
306 4937 389 4994 lllohr,
409 4942 444 4990 'Lu
466 4938 597 4991 Sirionius’
617 4944 736 5006 cannino,
757 4941 844 5006 Progr.
870 4946 1003 4995 nantuel.
1024 4943 1101 4996 1881.

290 5021 309 5091 ⁶)
331 5027 370 5080 (Il.
392 5031 550 5092 Quintiliani
570 5040 645 5082 acute
664 5033 736 5082 dicta
757 5033 782 5082 in
803 5035 885 5085 instit.
908 5041 975 5088 orat.
995 5037 1027 5090 -Χ,
1049 5039 1073 5090 2.
1096 5037 1127 5086 lli
1148 5041 1212 5086 extr.

290 5111 308 5182 ’μ
329 5116 464 5182 Exemplis
485 5121 560 5170 huius
580 5120 680 5184 generis
700 5119 813 5172 abundat
835 5124 918 5174 editio
938 5125 1018 5174 ultera
1038 5126 1079 5189 Jo.
1101 5124 1247 5176 Savaronis.
