3876 5604
906 371 1082 440 ..26-

239 589 401 673 Tanaquil
436 612 527 658 nec.
589 589 635 655 .¹«
637 628 649 675 y
697 591 828 672 Quanta
862 611 939 653 sane
964 589 1089 654 Sidonii
1122 591 1288 668 memoria,
1314 605 1438 674 quanta
1461 615 1580 660 vocum
1606 591 1735 658 varian-
1808 657 1810 662 .

239 682 354 744 darum
378 679 541 746 sollertia!

350 807 433 870 Cum
457 807 539 868 Hor.
567 807 664 888 epod.
689 803 728 879 ΙΙ,
754 826 783 869 v.
809 805 852 870 38
881 804 982 867 »haec
1005 805 1090 868 inter
1115 804 1318 871 obliviscitur
1331 805 1402 958 s(sc.
1428 808 1608 893 curarum)«
1645 810 1734 873 haud

243 896 311 958 scio
336 917 377 958 an
401 907 479 975 apte
497 914 760 976 comparaverim
785 893 851 959 Sid.
876 915 928 975 ep
954 890 1050 965 viti.
1076 895 1105 969 9,
1131 894 1204 961 ὃν.
1230 895 1287 981 55;
1312 897 1350 960 cs.
1377 900 1477 962 etiam
1501 899 1581 964 Hor.
1605 910 1664 965 sat.
1688 896 1733 973 ΙΙ,

243 985 273 1051 6,
310 983 360 1050 77.
407 984 441 1046 ln
474 987 605 1060 eodem,
639 986 728 1066 quod
762 986 862 1048 modo
894 983 1108 1066 laudavimus,
1142 983 1267 1048 Sidonii
1302 989 1444 1050 carmine
1478 986 1562 1051 hanc
1595 988 1735 1071 legimus

243 1075 417 1137 verborum
443 1073 723 1140 constructionem
747 1074 812 1156 (ep
837 1070 930 1148 VIII,
957 1073 988 1148 9,
1013 1072 1087 1137 bv.
1114 1073 1159 1138 40
1182 1073 1243 1158 sq)

619 1212 672 1265 »et
697 1211 834 1264 contra·
828 1199 1013 1282 Scythicae
1039 1199 1157 1281 plagae
1182 1214 1331 1266 catervas

618 1293 646 1354 si
670 1309 753 1372 quos
778 1289 946 1352 Parrhasis
972 1290 1058 1354 Ursa
1082 1290 1144 1355 lert
1168 1289 1358 1367 tumultus«

244 1418 334 1478 cuius
358 1417 515 1480 orationis
540 1418 634 1498 origo
658 1414 838 1480 derivanda
862 1413 993 1512 videtur
1017 1433 1057 1479 ex
1082 1415 1160 1480 Hor.
1184 1417 1283 1497 epod.
1307 1414 1353 1499 ΙΙ,
1377 1418 1420 1482 49
1444 1437 1515 1500 sqq.

617 1540 696 1623 (non
721 1539 874 1622 iuverint)
902 1540 1081 1604 »rhombus
1106 1553 1163 1606 aut
1187 1545 1269 1605 scari

621 1633 755 1712 siquos
780 1631 860 1692 Eois
885 1631 1035 1695 intonata
1060 1630 1212 1696 fluctibus
1238 1679 1244 1694 .
1271 1681 1278 1696 .
1303 1658 1329 1698 ,ι

353 1756 505 1820 Sidonius
530 1755 620 1822 enim
645 1755 974 1837 comprehensionem
1000 1753 1087 1819 illam
1111 1757 1377 1834 conditionalem,
1403 1777 1501 1841 quam
1526 1760 1646 1838 dicunt,
1672 1778 1737 1822 non

248 1849 348 1911 modo
383 1849 415 1909 in
451 1846 562 1928 priore
598 1847 676 1909 sede
711 1845 886 1909 collocavit
920 1856 952 1908 et
983 1846 1025 1908 ab
1057 1843 1178 1909 iisdem
1202 1847 1313 1909 verbis
1347 1845 1408 1932 (›si
1432 1846 1552 1933 quos«)
1585 1846 1733 1924 instituit,

247 1957 361 2000 verum
387 1938 485 2002 etiam
508 1935 565 1999 illa
588 1956 671 1999 voce
696 1955 773 1998 usus
798 1953 912 1997 versus
936 1932 1066 1998 initium
1090 1935 1208 1999 effecit.

354 2060 547 2142 Aliquoties
571 2060 779 2143 Apollinaris
811 2060 912 2126 etiam
936 2063 1018 2129 Hor.
1049 2083 1075 2125 c.
1113 2060 1158 2136 ΙΙ,
1193 2059 1235 2124 20
1268 2059 1511 2143 significatione
1547 2063 1736 2145 appellavit,

249 2173 313 2234 qua
348 2151 513 2216 cantilena
548 2150 715 2232 epilogica
750 2149 889 2214 Flaccus
915 2155 959 2215 'se
995 2149 1030 2214 in
1067 2150 1180 2215 alitem
1216 2170 1374 2213 canorum
1410 2164 1646 2217 commutatum
1679 2171 1738 2234 per

249 2241 384 2305 aethera
409 2240 574 2322 volantem
598 2239 695 2322 fingit
728 2239 858 2321 sibique
882 2238 1166 2305 immortalitatem
1199 2237 1406 2304 vaticinatur.
1452 2240 1553 2307 Cuius
1585 2238 1737 2304 carminis

248 2330 314 2394 hoc
338 2340 389 2395 est
412 2328 555 2394 initium:

647 2417 723 2479 Non
748 2415 870 2481 usitata
894 2438 954 2482 nec
977 2417 1068 2483 tenui
1091 2418 1177 2481 ferar

646 2525 754 2588 penna
778 2504 925 2570 biformis
949 2527 1009 2588 per
1033 2507 1190 2588 liquidum
1214 2507 1348 2572 aethera

644 2605 747 2669 vates,
773 2614 880 2677 neque
905 2597 936 2658 in
960 2594 1057 2661 terris
1082 2597 1238 2660 morabor

647 2733 654 2752 .
679 2734 687 2752 .
713 2736 719 2748 .
744 2684 841 2748 urbes
866 2684 1055 2768 relinquam.

251 2810 315 2884 His
331 2810 481 2875 versibus
498 2811 716 2890 adplicavisse
739 2810 863 2875 iuvabit
877 2813 1002 2876 exitum
1018 2808 1175 2875 carminis
1192 2809 1371 2890 Sidoniam,
1396 2812 1485 2894 quod
1501 2822 1551 2876 est
1575 2815 1739 2877 intextum

253 2899 350 2984 epist.
373 2899 431 2976 IX,
461 2900 511 2983 13,
535 2904 569 2983 53
592 2900 630 2967 cl.
655 2922 685 2964 v.
712 2899 784 2965 117.

768 3027 883 3088 necin
906 3024 971 3088 hoc
994 3037 1140 3091 moratus
1164 3047 1226 3090 axe

768 3117 833 3179 cito
859 3117 901 3178 ad
925 3135 1003 3178 arva
1027 3128 1146 3198 perget
1170 3114 1239 3181 euri

769 3202 991 3286 zephyrisque
1015 3206 1209 3287 perferetur;

254 3332 339 3396 adde
363 3330 432 3396 Sid.
457 3350 555 3394 carm.
580 3328 622 3406 ΙΙ,
647 3352 677 3395 v.
700 3328 781 3396 405:

681 3456 837 3538 liquidam
860 3467 1047 3522 transvecta
1072 3478 1131 3540 per
1154 3457 1314 3524 aethram.

254 3585 427 3650 Sidonium
464 3584 546 3648 haec
583 3581 695 3648 verbis
731 3583 846 3648 leviter
881 3583 1015 3648 variatis
1052 3605 1093 3647 ex
1125 3584 1253 3648 Horatii
1286 3585 1428 3647 carmine
1460 3592 1644 3648 mutuatum
1669 3602 1741 3645 esse

257 3674 403 3739 dilucide
427 3686 583 3759 apparet3
608 3672 769 3755 imprimis
794 3685 905 3738 autem
922 3671 1149 3756 pronuntiatio
1176 3694 1256 3736 >nec
1280 3671 1314 3737 in
1338 3673 1400 3736 hoc
1419 3684 1566 3736 moratus
1590 3692 1672 3735 axe«
1699 3674 1741 3735 ab

257 3763 398 3829 Horatio
423 3766 525 3845 petita
551 3765 691 3843 (meque
716 3761 749 3825 in
782 3765 877 3826 terris
901 3762 1087 3846 morabor«)
1121 3760 1340 3828 imitationem
1364 3761 1581 3826 Sidonianam
1615 3762 1742 3843 prodit3

257 3853 459 3917 conserenda
474 3853 573 3917 etiam
598 3865 673 3915 sunt
692 3851 932 3935 »zephyrisque
956 3852 1156 3933 perferetur«
1180 3864 1213 3917 et
1240 3871 1319 3934 «per
1341 3851 1476 3916 aethera
1501 3851 1617 3914 ferar«.
1642 3850 1743 3931 Quod

257 3954 369 4007 autern
402 3945 444 4006 ad
476 3941 603 4005 Sidonii
635 3940 853 4005 elocutionem
892 3939 1069 4024 «liquidam
1100 3953 1288 4006 transvecta
1320 3962 1380 4025 per
1413 3941 1579 4006 aethram«
1615 3943 1741 4012 attinet,

258 4053 331 4095 eam
356 4030 428 4095 sine
452 4029 556 4095 dubio
591 4032 633 4094 ab
658 4032 840 4095 Horatiano
865 4030 920 4094 illo
958 4031 1060 4094 »ferar
1083 4051 1142 4114 per
1173 4029 1336 4114 liquidum
1369 4032 1522 4096 aethera«
1559 4028 1743 4112 prolectam

259 4142 331 4184 esse
355 4117 589 4206 arbitramur)

259 4339 316 4402 Sd
364 4249 622 4401 Aqevbtrqmum
638 4244 769 4311 Sidonii
793 4245 946 4312 notitiam
962 4245 1115 4311 carminis
1139 4247 1235 4311 huius
1251 4244 1424 4312 Horatiani
1448 4245 1590 4327 prodere
1614 4243 1742 4307 videtur

283 4337 377 4403 i.c.
436 4358 449 4413 ,’
492 4341 512 4402 4
558 4355 606 4419 sq.

495 4515 501 4528 .
526 4516 532 4529 .
559 4512 565 4526 .
590 4474 703 4545 turpes
728 4464 858 4545 depone
885 4462 1061 4545 querellas:

497 4554 564 4616 otia
588 4551 691 4634 frigus
715 4552 853 4634 habent;
879 4555 1035 4636 numquid
1060 4553 1136 4616 mihi
1161 4552 1308 4616 membra
1331 4549 1486 4614 biformis

496 4642 616 4724 Hylaei
639 4652 755 4706 natura
779 4641 886 4707 dedit?

369 4783 462 4854 ¹)on
409 4789 446 4836 Co
448 4786 529 4836 nleras
548 4792 667 4852 praetera
686 4788 822 4836 verborum
841 4787 1036 4837 Sidoninnorum
1054 4792 1207 4837 structuram
1228 4780 1331 4852 (v.)
1283 4780 1331 4852 39)

752 4879 835 4940 qualis
853 4893 900 4926 nec
919 4877 1046 4941 'lanaquil
1065 4877 1114 4927 luit
1134 4891 1180 4925 nec
1200 4876 1244 4924 illu

262 4985 318 5018 euru
340 4963 627 5021 ttouc.tlt.20.1t›
648 4967 729 5030 qualis
749 4974 791 5016 aut
814 4967 908 5016 Nireus
929 4968 978 5016 suit
998 4973 1084 5016 aut
1063 4975 1174 5031 aquosa;
1195 4966 1272 5014 sintii.
1293 4965 1370 5014 etiarn
1392 4965 1479 5016 stuc
1482 4965 1602 5018 .ΧΧΝ,
1624 4979 1648 5014 v
1669 4965 1709 5013 tn.

368 5053 388 5119 ²)
410 5058 483 5106 Nulla
504 5058 644 5105 dictionum
666 5057 872 5110 Statiunarunt.
868 5073 929 5121 quas
950 5058 1129 5120 congessitR.
1163 5055 1336 5119 Bitschofsky,
1365 5055 1396 5104 de
1425 5055 1473 5118 Ap
1509 5051 1560 5105 Sid
1586 5049 1655 5104 stud.
1683 5056 1747 5102 Stat.

262 5126 354 5194 pu)
374 5136 426 5178 tam
446 5144 563 5194 expresse
583 5129 699 5178 adhunc
720 5129 806 5178 locum
826 5128 992 5178 Sidonianum
1012 5129 1127 5192 quadrat.
1148 5142 1223 5192 quam
1243 5127 1289 5176 illa
1308 5125 1461 5179 Horatiana
