3876 5604
899 373 1076 438 ...52-

237 607 354 651 11010111
377 586 612 668 interpretibus
637 588 774 652 multum
799 586 1009 651 difficultatis
1042 598 1250 668 parauerunt.
1300 586 1483 668 Quaeritur
1520 586 1621 660 enim,
1658 609 1734 650 num

236 676 436 742 vocabulum
461 677 572 758 »lyra«
598 696 673 739 cum
697 679 800 742 verbo
827 676 1025 759 »increpuit«
1050 697 1092 739 an
1117 695 1192 739 cum
1216 678 1388 740 enuntiato
1433 676 1580 757 »proelia
1619 678 1732 758 loqui«

237 765 283 832 sit
306 764 582 848 coniungendum.
627 765 813 830 Nauckium
845 777 977 831 secutus
1002 764 1040 832 O.
1066 764 1309 844 Weissenlels¹)
1342 766 1445 829 verbo
1482 767 1589 846 »lyra«
1630 779 1735 848 negat

238 854 486 937 adiungendum
510 873 581 918 esse
609 853 824 936 »increpuit«.
870 855 1037 937 Equidem
1061 853 1230 936 plerisque
1255 853 1389 918 Horatii
1414 853 1658 937 interpretibus
1678 858 1735 918 ad-

238 942 374 1026 sentior,
399 942 456 1025 qui
478 941 747 1009 coniunctionem
770 964 890 1009 vocum
919 943 1103 1026 »increpuit
1126 944 1215 1025 lyra«
1243 942 1339 1007 unice
1357 965 1467 1007 veram
1485 965 1559 1007 esse
1579 956 1732 1024 censent;

238 1032 382 1115 primum
406 1031 496 1097 enim
519 1033 620 1097 talem
644 1036 820 1097 verborum
844 1033 1139 1115 compositionem,
1165 1031 1271 1111 qualis
1306 1045 1358 1098 est
1393 1033 1483 1115 »lyra
1515 1033 1633 1113 loqui«
1669 1054 1733 1096 non

238 1123 392 1192 Latinam
417 1142 491 1186 esse
514 1142 621 1204 neque
645 1142 784 1205 usquam
810 1122 986 1189 Horatium
1010 1135 1103 1188 tanta
1127 1121 1329 1187 obscuritate
1354 1134 1454 1204 atque
1480 1121 1627 1187 audacia
1644 1123 1735 1185 labo-

239 1233 311 1275 rare
334 1211 482 1274 adfirmo.
529 1211 614 1274 Tum
638 1231 716 1275 vero
740 1211 798 1275 illo
822 1213 895 1276 loco
919 1210 1112 1287 Sidonian0,
1146 1210 1203 1293 qui
1235 1210 1347 1274 Flacci
1379 1211 1493 1276 verbis
1524 1211 1736 1294 (»increpuit

240 1299 346 1387 lyra«)
383 1314 473 1363 recte
510 1297 754 1382 coniungendis
793 1300 1067 1384 explicandisque
1107 1312 1265 1383 exoptate
1305 1299 1454 1375 inservit,
1493 1299 1605 1364 omnis
1645 1321 1735 1364 error

240 1401 409 1472 tamquam
433 1388 584 1470 stirpitus
608 1401 659 1453 est
683 1402 872 1457 extractus:
895 1390 954 1453 illo
978 1391 1066 1454 enim
1099 1392 1173 1453 loco
1207 1393 1248 1453 de
1280 1391 1459 1453 verborum
1493 1389 1735 1455 coniunctione

241 1477 371 1562 ambigi
395 1478 510 1560 nequit
541 1499 580 1542 ac
615 1490 706 1544 certe
730 1478 827 1544 Sollii
862 1479 1160 1563 comprehensione
1198 1480 1359 1544 »lntonuit
1394 1478 1521 1560 Apollo
1557 1480 1647 1559 lyra«
1685 1479 1732 1543 nil

242 1566 332 1632 aliud
356 1568 542 1633 declaratur
565 1578 665 1651 atque
688 1567 872 1634 Horatiana
900 1568 1084 1650 »increpuit
1108 1568 1262 1632 Phoebus
1287 1567 1420 1652 lyrani)

345 1693 418 1773 Jam
442 1713 521 1758 vero
544 1703 751 1758 transeamus
789 1695 831 1758 ad
871 1691 1124 1776 epithalamium
1158 1690 1287 1756 Ruricii
1322 1703 1356 1757 et
1390 1691 1551 1756 Hiberiae
1587 1693 1639 1776 l:
1664 1691 1724 1758 Sid

243 1801 342 1846 carm.
366 1779 441 1864 XI).
487 1779 553 1845 Hic
577 1781 734 1864 componi
758 1795 903 1864 possunt
928 1781 999 1848 Sid.
1025 1805 1054 1850 v.
1080 1781 1121 1846 27
1147 1802 1195 1863 sq.
1222 1784 1300 1846 »sed
1324 1780 1491 1862 prominet
1525 1782 1592 1846 alte
1612 1780 1616 1868 Ι
1639 1803 1737 1865 asper

243 1872 287 1935 ab
311 1870 452 1935 adsiduo
477 1871 689 1954 lympharum
712 1870 850 1935 verbere
874 1892 1018 1953 pumex«
1045 1892 1119 1935 cum
1154 1873 1233 1938 Hor.
1268 1893 1294 1936 c.
1329 1870 1356 1946 I,
1395 1872 1445 1946 11,
1486 1869 1507 1935 5
1545 1891 1594 1953 sq.
1636 1890 1738 1953 »quae

243 1979 329 2024 nunc
352 1958 521 2043 oppositis
545 1959 735 2042 pumicibus
760 1959 915 2026 debilitat
939 1982 1059 2036 mare«,
1084 1962 1144 2024 sed
1169 1963 1210 2024 de
1242 1971 1332 2025 certa
1356 1957 1547 2025 imitatione
1571 1960 1636 2023 hoc
1661 1961 1738 2024 loco

244 2047 394 2132 cogitare
419 2065 484 2114 non
506 2070 692 2133 possumus.
717 2049 856 2114 Rectius
880 2070 1117 2132 componemus
1142 2048 1211 2113 Sid.
1236 2072 1268 2113 v.
1290 2051 1333 2114 50
1365 2048 1442 2132 »qui
1477 2047 1647 2130 pulchrior
1681 2049 1738 2114 ille

245 2149 314 2203 est«
341 2159 416 2203 cum
440 2137 575 2203 Horatii
598 2159 695 2204 carm.
711 2136 775 2215 ΙΙΙ,
790 2160 864 2220 qv.
885 2140 924 2203 21
939 2159 988 2220 sq.
1017 2137 1206 2219 »pulchrior
1228 2137 1284 2202 ille
1309 2149 1377 2203 est«
1413 2151 1446 2203 et
1470 2137 1539 2204 Sid.
1562 2161 1593 2202 v,
1621 2139 1663 2202 54
1687 2160 1737 2221 sq.

249 2227 327 2291 »sed
350 2226 479 2294 fulsit
504 2239 547 2293 ut
570 2226 650 2291 ille
674 2228 758 2292 forte
781 2227 897 2292 dies«
924 2249 1011 2295 cum.
1036 2229 1116 2293 Hor.
1140 2248 1168 2291 c.
1193 2224 1253 2302 IV,
1278 2229 1310 2307 4,
1335 2227 1377 2292 39
1401 2245 1472 2309 sqq.
1509 2238 1570 2291 »et
1601 2227 1737 2310 pulcher

245 2314 323 2394 ille
359 2317 504 2385 dies..
540 2314 597 2398 qui
632 2315 758 2399 primus
793 2315 919 2383 risit«
956 2338 984 2380 e.
1010 2337 1041 2399 q.
1067 2338 1091 2382 s.
1116 2315 1163 2382 Cf.
1188 2314 1290 2380 etiam
1314 2317 1396 2386 Hor.
1422 2338 1450 2382 c.
1474 2314 1536 2392 IV,
1562 2315 1591 2392 5.
1618 2315 1637 2378 7
1663 2337 1735 2399 sqq.

246 2414 279 2470 et
302 2423 387 2487 quae
411 2403 644 2472 adnotavimus
667 2409 709 2469 ad
735 2403 807 2470 sid.
832 2427 859 2471 c.
883 2404 961 2481 VII,
988 2427 1019 2470 v.
1045 2403 1120 2470 554.
1147 2441 1186 2451 —-
1211 2405 1313 2470 Porro
1337 2404 1371 2468 in
1396 2404 1667 2488 conglutinandis
1682 2406 1735 2470 his

245 2493 358 2558 verbis
385 2515 479 2559 »nam
503 2516 620 2559 census
643 2494 749 2557 forma
774 2514 944 2577 genusque
969 2497 1187 2559 conveniunt«
1208 2494 1251 2576 (v.
1276 2495 1316 2559 91
1343 2497 1405 2575 sq)
1430 2493 1638 2577 Apollinaris
1662 2516 1736 2558 sese

246 2582 467 2665 adplicavisse
490 2585 620 2649 videtur
642 2586 684 2648 ad
709 2584 898 2666 exemplum
923 2586 1051 2649 Horatii
1082 2583 1192 2667 (epist.
1217 2582 1243 2666 I,
1270 2585 1299 2660 6,
1325 2583 1380 2664 37)
1408 2594 1461 2648 »et
1486 2605 1590 2666 genus
1615 2595 1647 2649 et
1672 2585 1735 2646 for-

249 2691 335 2736 mam
355 2672 489 2751 donat«,
515 2677 591 2755 quia
614 2671 730 2738 talium
754 2675 931 2737 verborum
948 2673 1198 2738 coniunctiones
1223 2676 1254 2735 in
1281 2675 1552 2737 consuetudinem
1577 2677 1735 2737 sermonis

248 2760 421 2827 Horatiani
445 2765 584 2845 cadunt;
609 2768 648 2826 cl.
675 2766 773 2826 etiam
799 2761 995 2842 c.1,14,13;
1020 2762 1080 2839 IV,
1098 2764 1127 2837 7,
1143 2763 1184 2826 ‘23
1199 2782 1256 2843 sq.;
1282 2774 1342 2827 sat.
1367 2760 1411 2837 II,
1427 2765 1458 2838 5,
1471 2761 1501 2827 8.
1525 2763 1735 2827 Fortasse

247 2851 347 2915 etiam
374 2851 539 2916 Venusini
570 2864 691 2935 poetae
723 2853 888 2916 aemulum
919 2853 1035 2936 prodit
1067 2849 1192 2915 locutio
1217 2850 1343 2915 Sidonii
1374 2849 1417 2936 (v.
1443 2850 1501 2932 92)
1533 2862 1607 2916 »tua
1632 2851 1737 2916 lixit

248 2937 449 3018 harundo,
475 2941 527 3004 cui
552 2943 758 3022 adiungimus
777 2943 856 3006 Hor.
881 2956 941 3006 sat.
965 2944 988 3018 I,
1015 2945 1045 3021 8,
1070 2947 1088 3005 6
1116 2963 1164 3022 sq.
1195 2944 1243 3004 »in
1267 2944 1391 3005 vertice
1415 2941 1611 3004 harundo
1636 2953 1737 3006 terret

248 3027 371 3096 fixa«.
394 3031 618 3106 Enuntiatum,
653 3032 742 3112 quod
767 3029 869 3096 habet
892 3030 1015 3094 Sollius
1040 3033 1071 3092 in
1089 3031 1200 3096 v.100
1228 3033 1301 3112 »qui
1325 3051 1451 3111 pauper
1475 3029 1509 3092 in
1534 3051 1632 3093 auro«
1660 3033 1736 3094 ideo

248 3129 326 3198 apte
350 3121 595 3200 comparabitur
618 3141 691 3183 cum
708 3120 790 3184 Hor.
817 3119 914 3201 epist.
932 3119 978 3200 II,
992 3120 1012 3183 2
1026 3142 1055 3185 ν.
1073 3123 1113 3183 12
1142 3142 1231 3183 »sum
1248 3140 1377 3201 pauper
1393 3118 1427 3183 in
1451 3140 1561 3196 aere«,
1580 3119 1737 3206 quoniam

248 3207 380 3272 laudata
394 3209 475 3271 haec
490 3209 592 3272 verba
615 3212 704 3290 apud
728 3219 902 3290 utrumque
919 3221 1053 3290 poetam
1070 3212 1209 3273 eandem
1226 3229 1340 3272 versus
1365 3210 1480 3272 sedem
1503 3208 1665 3273 obtinent.
1689 3207 1732 3273 Cf

248 3296 292 3358 A.
318 3296 477 3381 Zingerle,
502 3297 550 3360 Zu
575 3303 659 3379 spat.
684 3297 738 3362 lat.
762 3295 873 3362 Dicht.
897 3296 923 3363 Ι.
940 3319 972 3378 p.
993 3300 1043 3366 13.
1067 3298 1286 3379 Splendidum
1310 3295 1509 3362 imitationis
1534 3298 1738 3362 Horatianae

250 3385 439 3466 exemplum
457 3398 568 3452 exstat
583 3389 672 3467 apud
685 3385 753 3454 Sid.
767 3407 796 3448 v.
814 3386 877 3450 114
890 3407 938 3469 sq.
957 3387 1048 3451 »hic
1063 3388 1189 3452 redolet
1205 3387 1357 3469 patulo
1374 3389 1508 3451 Fortu
1520 3407 1596 3450 nae
1614 3391 1739 3470 copia

250 3493 381 3537 cornu
402 3473 407 3554 Ι
427 3472 499 3538 hics
515 3479 625 3558 pargit
642 3476 810 3550 calathis«,
835 3495 935 3557 quam
952 3475 1085 3541 dicendi
1101 3477 1240 3540 sormam
1258 3477 1379 3539 Flacco
1404 3477 1532 3558 magnis
1555 3474 1591 3538 in
1614 3477 1739 3541 deliciis

249 3562 347 3626 fuisse
362 3563 451 3627 hisce
468 3564 667 3646 perspicitur
682 3564 900 3647 argumentis:
914 3586 1016 3631 carm.
1032 3565 1061 3647 Ι,
1079 3567 1129 3645 17,
1146 3566 1185 3628 14
1202 3566 1287 3628 »hic
1310 3563 1372 3630 tibi
1396 3567 1523 3645 copia
1547 3568 1740 3631 manabit

250 3653 293 3716 ad
316 3651 487 3734 plenum
510 3654 655 3736 benigno
680 3691 722 3701 -
746 3655 958 3735 opulenta
982 3676 1151 3734 cornu«,
1175 3675 1272 3718 carm.
1296 3674 1380 3721 saec.
1406 3675 1436 3717 v.
1454 3653 1496 3720 59
1521 3674 1569 3736 sq.
1596 3658 1656 3720 »ad
1681 3679 1739 3738 pa·

250 3752 367 3822 retque
392 3739 534 3828 (Virtus)
559 3744 657 3807 beata
681 3745 814 3826 pleno
838 3765 916 3826 cop
930 3747 968 3806 ia
992 3765 1156 3820 cornu«,
1182 3747 1275 3826 epist.
1299 3741 1326 3825 I,
1346 3743 1395 3820 12,
1412 3743 1454 3807 ‘28
1471 3762 1520 3825 sq.
1541 3746 1609 3823 (ubi
1625 3745 1739 3808 similis

250 3830 393 3893 clausula
424 3834 596 3913 invenitur)
629 3852 746 3896 »aurea
780 3833 892 3915 fruges
920 3833 925 3918 Ι
954 3831 1071 3898 Italiae
1095 3834 1227 3917 pleno
1260 3831 1388 3900 defudit
1412 3832 1552 3914 Copia
1575 3855 1736 3898 cornu«

358 3938 441 4002 Cum
465 3940 496 4026 in
520 3937 692 4016 cantilena,
724 3961 808 4021 quae
833 3939 1023 4005 inscribitur
1050 3942 1126 4006 »Ad
1151 3942 1193 4009 V.
1220 3942 1253 4006 C.
1277 3939 1495 4005 Catullinum«
1535 3940 1640 4006 nullus
1665 3945 1740 4006 insit

251 4027 352 4103 locus,
389 4030 444 4109 qui
467 4028 596 4092 Horatii
619 4042 758 4094 renovet
781 4030 984 4107 memoriam,
1021 4052 1153 4095 carmen
1186 4034 1228 4094 ad
1262 4033 1497 4112 imperatorem
1521 4031 1738 4095 Maiorianum

251 4118 386 4180 missum
417 4136 679 4199 percenseamus.
724 4120 857 4183 Praeter
880 4140 994 4182 versus
1029 4121 1048 4184 3
1074 4141 1133 4203 sq,
1159 4123 1311 4203 quicum
1336 4121 1416 4184 Hor.
1442 4140 1469 4184 c.
1501 4119 1539 4198 II,
1566 4120 1616 4201 13,
1643 4121 1663 4186 5
1688 4142 1739 4203 sq.

251 4203 443 4270 conserendi
467 4218 551 4287 sunt,
591 4227 828 4287 componamus
860 4207 927 4273 Sid.
952 4230 982 4274 v.
1007 4209 1027 4272 5
1056 4209 1150 4294 »(i11e)
1188 4208 1247 4273 vix
1284 4206 1439 4274 straverit
1469 4209 1627 4290 hydram«
1666 4231 1739 4273 cum

251 4294 333 4359 Hor.
357 4315 407 4376 ep.
431 4294 471 4371 ΙΙ,
500 4298 528 4372 1,
557 4296 596 4360 10
624 4300 745 4360 »diram
770 4299 824 4379 qui
848 4301 997 4362 contudit
1020 4300 1192 4378 hydram«.
1241 4299 1291 4362 De
1316 4297 1442 4362 Sidonii
1465 4317 1561 4361 versu
1587 4300 1629 4362 23
1654 4299 1738 4364 conf.

253 4403 301 4459 ea,
338 4404 422 4465 quae
455 4405 554 4468 supra
588 4389 752 4469 adscripta
785 4399 862 4450 sunt·
895 4407 993 4451 carm.
1024 4385 1065 4453 V.
1096 4391 1203 4452 versui
1233 4387 1297 4451 348
1325 4407 1372 4469 sq.
1416 4423 1454 4433 -
1492 4383 1580 4452 lnter
1617 4387 1741 4453 Sidonii

253 4471 512 4537 enuntiationem
554 4474 601 4558 (v.
636 4477 678 4540 33
710 4473 791 4561 sq),
830 4479 1002 4540 »mandem
1037 4475 1295 4559 perpetuis
1331 4476 1539 4557 legenda
1578 4477 1739 4554 fastis,

253 4580 478 4647 quaecumque
510 4563 653 4647 egregiis
683 4565 773 4646 geris
796 4567 987 4648 triumphis«
1020 4581 1120 4649 atque
1151 4566 1484 4646 comprehensionem
1508 4568 1739 4642 Horatianam‚

253 4670 352 4732 quam
382 4654 538 4735 scriptam
573 4652 715 4736 legimus
751 4657 782 4717 in
817 4675 915 4720 carm.
947 4655 1002 4729 IV,
1041 4657 1081 4720 14
1116 4655 1212 4719 initio
1250 4665 1342 4726 »tuas
1379 4657 1516 4720 virtutes
1550 4657 1583 4719 in
1620 4677 1739 4720 aevum

254 4761 313 4822 per
347 4741 458 4806 titulos
493 4761 721 4825 memoresque
755 4742 859 4808 fastos
895 4757 1059 4810 aeternet‹
1098 4744 1297 4827 conspicuus
1338 4747 1510 4810 intercedit
1546 4768 1739 4812 consensus

361 4882 381 4953 ³)
403 4887 436 4936 Cf
461 4888 515 4936 Des
536 4889 620 4938 Horaz
641 4891 747 4940 Odenu
776 4891 883 4956 Eporion
904 4892 956 4939 erkl
985 4908 1008 4942 v.
1037 4891 1141 4955 Natuclr3
1170 4894 1316 4942 vierrehute
1349 4893 1414 4942 hut.
1442 4909 1466 4942 v.
1499 4898 1530 4944 Ο.
1567 4892 1729 4944 Weilienl'els

254 4958 372 5023 Leipzig.
394 4961 470 5009 1894.
491 4976 540 5024 pag
570 4963 629 5017 238.

361 5046 379 5112 ¹)
400 5050 582 5114 Dillenburger
601 5053 622 5102 si
643 5053 723 5102 minus
742 5055 836 5102 urbane
856 5058 937 5101 tnrnen
959 5059 1048 5101 acute:
1074 5057 1158 5118 ,Cure
1179 5070 1208 5102 ne
1230 5055 1317 5118 iungas
1340 5056 1427 5119 ,loqui
1449 5055 1528 5122 lyrn“‚
1557 5073 1607 5124 quo
1634 5073 1740 5127 perver-

248 5123 287 5174 ius
308 5124 351 5174 vix
372 5125 511 5188 quidquam
532 5132 619 5186 potest
640 5125 783 5188 cogitari‘.
