3876 5604
950 371 1105 438 ..8.-

280 584 401 652 valen't.
447 587 720 656 Luculentissime
755 589 842 652 enim
878 587 931 650 hic
965 588 1174 669 conspicitur,
1215 590 1294 670 quid
1330 589 1384 653 ille
1423 590 1564 672 scriptor
1602 589 1644 654 de
1683 587 1770 653 vatis

280 676 440 741 Venusini
455 690 526 745 arte
550 677 712 744 scribendi
726 678 881 742 senserit:
904 679 1001 740 nimia
1017 676 1168 759 profecto
1190 680 1401 744 veneratione
1417 674 1620 761 Apollinaris
1636 677 1769 742 Musam

283 768 434 848 suspexit
457 768 682 844 Horatianam,
707 787 806 850 quam
837 765 887 830 his
916 766 1065 830 versibus
1094 767 1322 842 immoderato,
1348 779 1383 834 ut
1415 771 1461 832 ita
1491 771 1607 842 dicam,
1642 768 1770 830 honore

281 866 478 937 prosecutus
502 867 564 928 est.
607 858 694 922 Nam
718 855 881 922 mehercle
906 876 946 919 ne
969 857 1041 937 ipse
1065 856 1222 921 Horatius
1245 859 1389 938 quidem,
1414 859 1468 939 qui
1492 868 1593 940 poeta
1618 857 1770 938 quamvis

281 946 410 1026 pudens
449 966 527 1012 suae
565 949 645 1013 artis
684 948 785 1011 iudex
822 942 902 1030 sit¹)‚
938 957 1049 1010 tamen
1094 946 1214 1028 ingenii
1250 947 1299 1009 sui
1346 947 1516 1012 facultates
1562 965 1771 1028 nequaquam

282 1039 476 1121 coutemnit,
502 1037 553 1117 (cf.
577 1057 605 1100 c.
629 1035 667 1113 ΙΙ,
693 1035 754 1115 20;
777 1034 834 1112 ΙΙΙ,
859 1035 903 1102 30
911 1056 919 1114 ;
943 1035 1001 1118 IV,
1026 1035 1055 1112 9,
1082 1034 1100 1098 1
1125 1038 1186 1117 sq.)
1210 1057 1251 1100 ne
1275 1037 1431 1102 Horatius
1461 1037 1603 1120 quidem,
1627 1037 1770 1117 inquam,

281 1145 356 1191 cum
378 1126 508 1194 Alcaeo
531 1148 567 1192 se
591 1129 746 1210 componi
769 1146 870 1210 posse
893 1128 1003 1191 animo
1027 1147 1087 1191 suo
1112 1126 1212 1194 finxit.
1238 1126 1396 1192 Conferas
1418 1126 1501 1190 Hor.
1534 1146 1586 1208 ep.
1611 1123 1653 1204 ΙΙ,
1670 1124 1701 1208 5,
1726 1121 1770 1190 99

280 1235 342 1299 sq..
366 1217 422 1282 ubi
444 1217 583 1282 Flaccus
606 1215 707 1281 alium
731 1216 812 1281 alius
835 1228 956 1299 poetae
979 1215 1077 1281 laude
1099 1236 1248 1281 crescere
1273 1216 1350 1282 dicit
1373 1218 1549 1298 pergitque

584 1343 720 1410 discedo
743 1343 889 1409 Alcaeus
912 1354 1037 1428 puncto
1061 1343 1153 1420 illius,
1177 1345 1231 1408 ille
1255 1362 1331 1409 meo
1356 1342 1446 1426 quisi

583 1451 666 1534 Quis
691 1452 751 1516 nisi
776 1452 1016 1518 Callimachus?

389 1576 512 1658 Liquet
534 1577 635 1641 verba
668 1577 722 1641 illa
755 1599 829 1642 esse
861 1579 992 1644 iocosa:
1025 1577 1182 1643 Horatius
1214 1578 1341 1641 Alcaeo
1374 1597 1435 1658 par
1469 1595 1543 1640 esse
1578 1574 1770 1655 neutiquam

281 1664 344 1729 sibi
366 1667 548 1733 videbatur.
572 1665 640 1732 Sed
654 1667 858 1749 Apollinaris
882 1688 958 1732 eum
973 1667 1103 1732 Alcaeo
1126 1666 1295 1731 meliorem
1320 1666 1398 1731 dicit
1421 1668 1593 1748 poetam.²)
1615 1663 1770 1728 Sidonius

281 1765 392 1820 autem
415 1756 479 1820 hoc
512 1756 587 1820 loco
610 1756 675 1822 levi
699 1760 857 1822 memoria
880 1758 1007 1822 Horatii
1030 1758 1092 1840 (ep.
1123 1754 1164 1830 H,
1195 1755 1225 1827 2,
1258 1755 1300 1819 99
1332 1753 1419 1839 dico)
1453 1755 1629 1818 suscitatus
1659 1751 1769 1816 Flacci

281 1846 479 1911 senteutiam
501 1847 534 1910 in
549 1848 747 1912 contrariam
770 1850 942 1914 convertit.
958 1848 1133 1912 Praeterea
1155 1848 1189 1909 in
1212 1846 1322 1908 verbis
1350 1865 1435 1926 »quo
1458 1855 1493 1909 tu
1509 1844 1641 1909 Latium
1664 1843 1764 1906 beas«

280 1931 397 2015 iisque,
419 1953 506 2018 quae
539 1935 639 2019 paulo
663 1938 860 2002 antecedunt
896 1936 1060 2018 »Arpinas
1090 1934 1201 2018 lingua
1231 1936 1331 2000 ditat«
1365 1935 1408 2020 (v.
1431 1932 1474 1997 22
1498 1935 1561 2015 sq)
1592 1931 1768 1998 statuenda

281 2032 334 2088 est
356 2023 495 2091 imitatio
518 2026 665 2090 eiusdem
698 2026 857 2108 epistulae
880 2026 995 2092 Horat.
1019 2047 1050 2090 v.
1076 2023 1137 2089 121
1176 2023 1325 2090 »Latium
1358 2024 1471 2088 beabit
1502 2023 1602 2087 divite
1634 2022 1763 2104 lingua«

280 2111 320 2178 cf.
344 2122 403 2179 art.
427 2124 517 2196 poet.
541 2113 584 2180 56
608 2135 656 2196 sq.
679 2136 754 2179 cum
777 2116 888 2200 lingua
912 2113 1047 2180 Catonis
1071 2162 1079 2179 .
1105 2133 1321 2178 ,sermonem
1345 2113 1507 2177 ditaverit.

386 2238 459 2303 Nec
473 2239 580 2304 minus
603 2242 724 2305 eximia
744 2241 814 2305 laus
838 2251 960 2323 poetae
976 2240 1147 2305 Venusino
1171 2239 1355 2321 impertitur
1379 2237 1420 2302 ab
1440 2235 1577 2302 Sidonio
1600 2258 1654 2318 ep.
1669 2233 1768 2314 VIII,

283 2325 335 2404 11,
359 2326 379 2391 7
407 2326 458 2392 »in
481 2328 592 2412 lyricis
615 2341 726 2398 autem
760 2328 982 2396 Flaccum
1017 2339 1217 2394 secutus
1251 2348 1337 2391 nunc
1372 2327 1536 2392 ferebatur
1559 2327 1590 2390 in
1626 2327 1768 2390 iambico

281 2417 364 2481 citus
388 2469 395 2484 .
425 2467 432 2482 .
454 2416 487 2480 in
510 2418 648 2484 Alcaico
672 2419 851 2496 flexuosus,
877 2418 1017 2482 nuncin
1041 2417 1209 2501 Sapphico
1233 2416 1394 2484 inflatus«.
1435 2417 1612 2481 Adiectiva
1636 2412 1768 2498 singula

281 2505 447 2587 apposita,
487 2507 604 2589 quibus
642 2510 845 2593 designatur,
885 2528 951 2591 qua
987 2510 1020 2571 vi
1042 2528 1195 2572 versuum
1233 2505 1361 2569 illorum
1398 2516 1580 2587 systemata
1625 2503 1769 2587 legentis

280 2595 424 2659 animum
449 2608 615 2676 moveant,
638 2601 737 2663 etiam
769 2608 948 2663 metrorum
974 2598 1230 2662 Horatianorum
1262 2595 1328 2658 vim
1361 2594 1546 2677 insigniunt.
1592 2591 1631 2656 ln
1655 2591 1765 2656 verbis

281 2694 394 2748 autem
444 2683 626 2752 »ferebatur
662 2689 694 2751 in
738 2688 884 2752 iambicis
921 2686 1022 2751 citus«
1072 2683 1317 2750 conscribendis
1363 2687 1504 2766 scriptor
1548 2682 1769 2748 fortasse
1841 2743 1852 2763 ,

281 2791 463 2838 memorem
489 2793 563 2840 sese
594 2777 759 2859 praestitit
790 2777 918 2841 Horatii
932 2801 935 2806 ·
950 2787 1009 2841 art.
1042 2797 1064 2857 p
1105 2795 1135 2838 v.
1168 2773 1230 2839 251
1265 2794 1312 2855 sq.
1343 2825 1350 2839 .
1376 2824 1416 2850 .‚
1455 2784 1610 2838 »vocatur
1638 2772 1768 2835 iambus

280 2881 341 2944 pes
364 2862 479 2928 citus«.

386 2988 498 3071 Pergit
521 2990 697 3072 posthaec
720 2991 822 3056 verba
838 2989 1008 3055 Sldonius:
1036 2989 1144 3072 »Quid
1168 2987 1285 3071 plura?
1308 2987 1442 3054 Subtilis
1466 2979 1572 3070 aptus¹
1587 2989 1767 3053 instructus

282 3094 412 3158 quaque
437 3096 530 3142 mens
563 3078 673 3145 stilum
704 3081 802 3145 ferret
836 3079 1132 3163 eloquentissimus,
1166 3098 1300 3160 prorsus
1334 3090 1369 3143 ut
1402 3097 1477 3141 eum
1499 3079 1579 3150 ‚iure
1614 3095 1770 3140 censeres

280 3176 394 3246 post
424 3166 724 3234 Horatianos
755 3181 800 3236 et
829 3167 1117 3234 Pindaricos
1148 3188 1336 3251 cygnos
1370 3167 1564 3256 gloriae
1596 3167 1770 3248 pennis

280 3254 484 3321 evolatu
499 3277 624 3324 rum«.
664 3259 792 3341 Quibus
814 3259 923 3323 verbis
947 3257 1148 3342 Apollinaris
1171 3259 1204 3319 in
1227 3257 1355 3322 Horatii
1378 3255 1509 3338 scriptis
1533 3275 1667 3345 omnem
1691 3255 1770 3321 artis

280 3345 433 3423 poeticae
472 3346 710 3426 perfectionem
756 3359 856 3430 atque
902 3347 1099 3431 elegantiam
1148 3345 1298 3411 collocat.
1343 3344 1448 3410 Immo
1485 3366 1565 3409 vero
1612 3344 1780 3416 Flaccum,

282 3444 455 3514 comparat
478 3455 552 3499 cum
576 3457 686 3520 cygno
709 3437 852 3502 Dircaeo
884 3438 1019 3518 eiusque
1047 3455 1167 3499 nomen
1190 3470 1233 3482 -
1257 3437 1284 3498 si
1308 3436 1385 3517 quid
1409 3436 1443 3500 id
1466 3429 1517 3500 est
1540 3435 1572 3498 in
1601 3434 1767 3516 priore

283 3522 365 3586 sede
387 3525 489 3606 ponit.
535 3524 652 3607 Neque
685 3547 820 3609 prorsus
853 3525 942 3590 illum
973 3527 1079 3590 tenuis
1111 3524 1164 3588 ille
1191 3524 1280 3588 lusor
1311 3544 1460 3588 amorum
1492 3524 1543 3605 (cf.
1568 3543 1594 3587 c.
1617 3523 1640 3598 1,
1666 3523 1697 3604 6,
1725 3519 1765 3584 17

281 3609 366 3692 sqq.)
387 3612 550 3677 honorem
580 3614 844 3702 adfectaverat‚⁸)
869 3635 942 3678 cum
973 3635 1034 3678 nec
1057 3616 1175 3695 dignus
1206 3634 1266 3677 nec
1289 3626 1386 3696 aptus
1419 3614 1479 3678 sibi
1501 3614 1675 3684 videretur,
1710 3609 1765 3690 qui

282 3697 461 3766 Pindarum
485 3705 634 3769 studeret
656 3705 812 3769 aemulari
835 3703 874 3791 (c.
899 3703 958 3784 IV,
985 3704 1028 3778 2).
1071 3704 1244 3768 Horatium
1277 3723 1350 3767 cum
1383 3703 1522 3768 Pindaro
1555 3702 1764 3764 coniunctum

282 3787 425 3871 legimus
449 3794 549 3856 etiam
573 3795 662 3876 apud
686 3793 855 3858 Sidonium
888 3815 940 3876 ep.
965 3790 1026 3860 IX.
1054 3793 1105 3871 13,
1136 3793 1330 3857 Pcarminis
1362 3795 1530 3858 insertiv.
1554 3788 1575 3854 5
1598 3810 1682 3872 sqq,
1716 3789 1769 3851 cui

282 3877 359 3942 loco
382 3883 582 3947 antecedunt
596 3882 698 3947 verba
721 3884 804 3947 haec
823 3885 886 3965 (ep.
910 3881 970 3957 IX,
991 3882 1041 3957 13,
1066 3883 1113 3960 Pl:
1134 3891 1265 3964 praeter
1287 3881 1352 3946 hoc
1368 3883 1496 3964 posciss
1514 3889 1550 3946 ut
1572 3880 1668 3943 Hor
1682 3879 1765 3943 ati·

282 3970 1526 4053 anaincudeformatosAsclepiadeos*transmittam.
1568 3970 1648 4035 Inde
1672 3977 1767 4052 patet

286 4055 457 4123 Sidonium
482 4059 611 4143 plurimi
634 4062 832 4143 pependisse
853 4061 961 4126 Flacci
985 4071 1088 4124 artem
1113 4061 1280 4124 metricam
1304 4062 1462 4145 imprimis
1485 4080 1601 4125 verum
1628 4057 1767 4122 »Ascle-

282 4146 440 4228 piadeos«
479 4149 513 4214 h.
535 4169 576 4212 .e.
614 4160 771 4232 systema,
804 4152 894 4232 quod
928 4161 1050 4215 vocant
1083 4148 1341 4232 Asclepiadeum
1377 4153 1527 4232 primum,
1559 4170 1626 4230 quo
1659 4157 1767 4211 metro

283 4233 438 4301 Sidonius
462 4257 540 4302 usus
563 4248 615 4303 est
638 4242 670 4302 in
686 4242 919 4323 componendo
942 4249 1106 4322 poemate,
1125 4240 1215 4320 quod
1238 4239 1312 4303 huic
1336 4239 1498 4321 epistulae
1517 4240 1682 4303 intextum
1706 4245 1766 4301 est.

283 4325 403 4408 Neque
427 4326 578 4409 profecto
602 4327 655 4392 hic
669 4328 762 4393 locus
786 4330 912 4413 indiget
927 4329 1078 4411 vestigiis
1102 4329 1290 4394 imitationis
1306 4329 1516 4402 Horatianae,
1541 4328 1632 4390 cuius
1649 4324 1768 4388 fundus

284 4415 443 4498 reperitur
466 4427 525 4482 art.
549 4429 639 4498 poet.
664 4438 694 4486 ν.
717 4417 785 4484 440
807 4440 855 4501 sq.
1440 4467 1447 4486 .
1470 4469 1478 4484 .
1502 4413 1612 4480 delere
1635 4413 1769 4478 iubebat

646 4554 680 4608 et
703 4541 788 4607 male
811 4552 962 4608 tornatos
985 4544 1093 4607 incudi
1117 4541 1254 4607 reddere
1277 4561 1400 4607 versus.

388 4665 409 4734 ¹)
428 4669 503 4720 Dicit
523 4669 590 4719 enirn
610 4686 632 4720 c.
652 4666 743 4733 1,o,9
762 4687 817 4736 sqq.
836 4687 891 4722 sese
911 4687 925 4720 a
946 4669 1079 4720 fundendis
1098 4669 1261 4720 sublimioris
1275 4669 1382 4734 spiritus
1399 4667 1526 4733 poematis
1546 4667 1606 4716 ideo
1627 4665 1768 4726 abstinere,

282 4743 350 4806 quod
370 4741 482 4792 imbellis
501 4737 571 4806 lyrae
590 4741 663 4792 Musa
683 4748 775 4807 potens
794 4748 881 4801 vetet:
901 4743 965 4791 adde
985 4757 1062 4792 carm.
1081 4742 1113 4798 11.
1136 4738 1159 4796 l.
1179 4743 1213 4792 37
1232 4755 1297 4806 sqq..
1317 4737 1351 4795 ΙΙ,
1372 4743 1414 4795 16,
1434 4741 1486 4801 37,·
1504 4736 1550 4794 ΙΙΙ.
1573 4740 1597 4793 3,
1612 4740 1661 4788 69:
1680 4735 1728 4799 lv,
1743 4732 1768 4797 2,

280 4810 313 4864 27
334 4827 400 4880 sqq;
429 4827 506 4878 perro
525 4819 574 4863 sat.
593 4813 622 4868 Ι..
642 4815 667 4876 4,
688 4815 720 4863 ΙΙ
739 4829 768 4878 sq
785 4820 824 4864 'et
843 4813 906 4864 ibid.
928 4815 961 4864 39
980 4829 1036 4877 sqq.
1063 4813 1108 4862 ubi
1127 4813 1255 4877 segregari
1283 4812 1338 4862 vult
1359 4827 1373 4860 a
1391 4826 1509 4861 verorum
1529 4809 1630 4860 vatium
1648 4819 1764 4859 numer0.

390 4897 414 4968 ¹)
433 4901 534 4952 Sidonii
548 4901 665 4966 epitheta
685 4901 822 4968 laudesque
837 4902 924 4967 poetis
943 4903 1052 4952 donatae
1067 4917 1117 4952 uon
1131 4901 1215 4966 magni
1228 4900 1352 4951 momenti
1371 4907 1437 4960 sunt,
1452 4901 1545 4967 quibus
1559 4899 1605 4950 ille
1618 4915 1646 4949 se
1660 4897 1766 4948 doctum

281 4974 475 5039 litteratumque
495 4979 626 5039 praestare
645 4974 739 5024 studet.

388 5057 409 5130 ⁸)
430 5063 516 5128 Atque
535 5078 632 5128 summa
651 5061 764 5128 Horatio
783 5051 838 5130 laus
853 5068 891 5132 est
906 5057 1048 5128 tribuenda,
1068 5065 1167 5130 quippe
1188 5064 1232 5129 qui
1251 5063 1349 5130 ingenii
1368 5064 1408 5115 sui
1429 5063 1491 5114 fines
1509 5069 1579 5114 recte
1592 5060 1763 5113 intellexerit.

281 5135 418 5201 ingeniose
436 5135 484 5184 hac
504 5134 535 5172 a.
554 5149 581 5172 r·
601 5133 832 5191 wrlanowitzius.
852 5131 1038 5200 ‚Bakchylides‘
1059 5135 1144 5187 Berol.
1167 5135 1244 5190 1⁸98.
1263 5149 1322 5202 pag.
1348 5136 1378 5187 lt)
1398 5151 1438 5202 sq.
