3876 5604
841 381 1055 465 k-ar-

224 591 376 657 Sidonius
409 594 540 658 Horatii
573 594 719 676 vestigiis
759 595 927 676 ingressus
965 594 1053 657 hunc
1091 593 1199 658 locum
1231 595 1436 675 expressisse
1467 593 1598 658 videtur
1630 591 1710 655 locis

220 683 659 838 gugbus,nquorum6{rior
690 692 801 748 exstat
829 683 929 764 paulo
963 695 1043 765 post
1077 704 1199 760 versus,
1231 704 1315 765 quos
1351 687 1453 750 modo
1488 683 1710 756 tractavimus,

246 794 255 836 r
283 820 289 836 .
313 793 342 836 c.
401 792 519 846 ,vers
597 794 605 836 ε

424 901 489 962 »sic
512 908 546 964 te
570 899 766 981 dispositum
801 910 1074 981 spectantemque
1105 899 1247 983 undique
1281 911 1416 984 portus«
1454 911 1525 979 cet;

223 1021 388 1106 posterior
418 1021 583 1089 invenitur
607 1026 638 1087 in
663 1020 730 1092 Sid.
754 1043 851 1088 carm.
875 1023 986 1089 xv111
1013 1027 1073 1089 »de
1096 1023 1224 1089 balneis
1247 1024 1344 1090 villae
1367 1043 1465 1090 suae«
1493 1045 1524 1092 v.
1550 1029 1567 1088 7
1594 1043 1643 1104 sq.

546 1149 742 1213 »Lucrinum
766 1159 920 1232 stagnum
944 1150 1036 1214 dives
1060 1149 1241 1233 Campania
1265 1151 1376 1227 nollet,

541 1259 687 1320 aequora
711 1240 739 1302 si
762 1241 866 1304 nostri
890 1251 1038 1305 cerneret
1064 1238 1117 1303 illa
1140 1239 1263 1307 lacus«,
1341 1277 1342 1280 =

222 1381 374 1448 Profecto
398 1383 566 1447 enuntiata
589 1381 643 1445 illa
666 1380 715 1448 ita
737 1393 813 1448 sunt
836 1367 1038 1466 comparata,
1061 1394 1099 1449 ut
1117 1382 1177 1448 vix
1201 1382 1265 1448 ulla
1290 1385 1442 1466 cuiquam
1466 1383 1588 1448 oboriri
1604 1382 1712 1464 possit

224 1472 366 1555 suspicio
389 1468 526 1536 Sollium
550 1471 603 1535 hic
627 1470 761 1537 alterius
795 1483 917 1555 poetae
940 1476 1129 1556 respexisse
1153 1475 1392 1540 auctoritatem.

329 1632 396 1698 Sed
428 1634 470 1698 ad
501 1633 625 1716 reliqua
657 1637 916 1717 progrediamur.
961 1637 1121 1719 Legimus
1146 1635 1292 1700 enimin
1316 1637 1457 1701 carmine
1480 1634 1523 1698 ad
1547 1634 1711 1696 Faustum

224 1726 416 1808 episcopum
440 1725 541 1787 misso
566 1721 673 1806 (XVI,
697 1745 729 1788 v.
753 1724 795 1788 91
821 1725 906 1808 sqq.)

384 1867 449 1932 Seu
473 1879 508 1935 te
531 1867 719 1934 flammatae
735 1869 853 1952 Syrtes
879 1880 912 1934 et
934 1872 1102 1954 inhospita
1126 1881 1244 1952 tesqua
1270 1867 1273 1955 l
1299 1889 1357 1933 seu
1381 1887 1485 1933 caeno
1509 1903 1551 1913 —

384 1958 541 2023 incultum
566 1979 663 2040 mage
687 1979 770 2022 saxa
792 1969 917 2043 tenent,
942 1961 998 2024 ubi
1021 1962 1091 2024 sole
1114 1970 1246 2024 remoto
1273 2011 1282 2026 .
1306 2011 1313 2026 .
1338 2011 1346 2024 .

383 2067 441 2111 seu
466 2059 499 2111 te
523 2049 710 2129 praeruptis
734 2059 887 2130 porrecta
910 2049 944 2112 in
968 2048 1105 2132 rupibus
1129 2048 1228 2131 Alpis

386 2138 571 2202 succinctos
597 2137 707 2219 gelido
731 2139 889 2204 libantem
913 2141 1059 2220 caespite
1083 2158 1233 2218 somnos;

224 2283 363 2349 Etiamsi
386 2283 480 2362 ratio,
504 2304 569 2365 qua
586 2284 782 2349 Sidonianae
807 2287 988 2350 sententiae
1012 2286 1097 2348 inter
1121 2304 1157 2347 se
1181 2283 1359 2366 excipiunt,
1386 2280 1475 2344 nullo
1499 2279 1566 2343 lere
1591 2278 1713 2342 artiore

225 2374 354 2437 vinculo
389 2393 464 2437 cum
499 2371 655 2456 singulari
690 2385 812 2455 poetae
836 2371 994 2437 Venusini
1029 2373 1102 2436 loco
1136 2374 1177 2437 sit
1213 2392 1352 2454 conexa,
1383 2382 1493 2435 tamen
1531 2368 1712 2432 sententias

227 2482 394 2545 vocesque
417 2464 526 2525 varias
551 2463 707 2542 dispersis
733 2483 751 2526 e
775 2463 883 2527 Flacci
908 2464 1103 2527 carminibus
1127 2472 1276 2543 sumptas
1300 2459 1469 2525 Sidonium
1501 2459 1553 2522 bic
1577 2454 1713 2538 conglu-

225 2555 349 2630 tinasse
373 2550 483 2633 liquet.
529 2550 674 2615 Primum
699 2555 785 2616 enim
808 2553 981 2616 Arvernus
1011 2551 1065 2615 ille
1099 2562 1207 2618 totum
1232 2549 1390 2615 orationis
1413 2569 1520 2632 genus
1544 2548 1714 2627 usurpavit

225 2662 245 2705 a
277 2642 449 2708 notissimo
478 2640 606 2706 Horatii
640 2641 795 2720 carmine,
829 2644 918 2724 quod
948 2653 999 2706 est
1031 2642 1084 2706 lib.
1114 2643 1139 2724 1,
1174 2661 1204 2704 c.
1237 2641 1289 2705 22.
1335 2640 1454 2702 Nonne
1485 2638 1571 2700 enirn
1604 2635 1714 2700 verbis

227 2729 359 2796 Sidonii
387 2750 463 2794 »seu
487 2743 522 2794 te
539 2730 726 2796 flammatae
742 2731 859 2812 Syrtes
876 2743 910 2796 et
933 2733 1098 2813 inhospita
1123 2742 1146 2798 t.
1171 2767 1214 2778 —
1238 2751 1295 2793 seu
1311 2729 1466 2793 incultum
1482 2747 1564 2790 saxa
1579 2735 1710 2790 tenent«

225 2823 312 2885 bene
328 2817 536 2885 'subicientur
559 2818 742 2886 Horatiana
773 2819 830 2884 illa
848 2821 957 2904 (carm.
984 2820 1068 2886 laud.
1091 2843 1121 2886 v.
1149 2820 1169 2885 5
1193 2817 1280 2904 sqq.)
1308 2821 1397 2884 »sive
1430 2837 1489 2900 per
1513 2815 1629 2898 Syrtes
1652 2815 1715 2878 iter

227 2922 401 2975 aestuosas
427 2905 431 2995 l
457 2907 529 2974 sive
552 2910 695 2975 facturus
719 2931 779 2993 per
801 2909 1036 2992 inhospitalem
1064 2908 1066 2996 l
1094 2911 1277 2976 Caucasum
1301 2909 1352 2972 vel
1378 2962 1384 2974 .
1408 2956 1415 2971 .
1441 2933 1480 2988 .«‚
1505 2906 1558 2970 ubi
1583 2912 1716 2986 praeter

227 3000 477 3083 polysyndeton
512 2997 591 3063 illud
632 3001 862 3065 coniunctione
906 3003 1012 3064 »sive«
1050 2999 1136 3085 (seu)
1173 3000 1314 3082 repetita
1349 2998 1503 3061 effectum
1539 2996 1714 3077 praecipue

228 3091 388 3155 dictiones
406 3088 613 3153 »flammatae
626 3089 761 3172 Syrtes«
779 3102 812 3155 et
828 3088 963 3170 »Syrtes
979 3100 1170 3154 aestuosas«
1187 3089 1291 3153 verba
1308 3087 1493 3169 »inhospita
1506 3082 1711 3166 (incultum)«

229 3190 263 3245 et
282 3177 553 3261 »inhospitalem«
575 3189 651 3243 sunt
670 3181 912 3261 componenda.
953 3181 1014 3247 His
1030 3181 1117 3244 adde
1134 3177 1260 3242 Sidonii
1279 3177 1358 3241 illud
1377 3174 1454 3240 »ubi
1478 3173 1548 3237 sole
1564 3188 1712 3235 remoto«

53 3269 56 3276 ⁴
117 3269 125 3286 '
227 3266 336 3354 (simil.
361 3267 426 3332 Sid.
451 3289 478 3332 e.
503 3267 546 3332 V.
570 3289 600 3333 ν.
619 3266 662 3332 35
689 3269 761 3332 »ubi
786 3269 856 3333 sole
881 3271 1111 3351 propinqum),
1135 3288 1219 3350 quae
1244 3266 1427 3332 locutiones
1451 3275 1540 3328 certe
1564 3282 1630 3325 non
1646 3263 1715 3324 sine

228 3356 391 3422 memoria
414 3357 543 3422 Horatii
566 3379 592 3422 c.
616 3357 641 3433 Ι,
668 3358 710 3422 22
735 3379 765 3421 v.
786 3359 825 3422 17
850 3379 922 3443 sqq,
952 3357 1062 3422 »ubi
1087 3357 1174 3421 nulla
1197 3354 1326 3438 campis
1345 3355 1444 3419 arbor
1468 3389 1510 3400 —
1535 3353 1596 3416 sub
1620 3370 1715 3413 curru

227 3448 362 3513 nimium
387 3448 651 3529 propinqui
675 3447 829 3512 solis»
866 3451 1007 3531 scriptae
1031 3458 1115 3512 sunt.

335 3606 375 3674 In
398 3609 535 3673 transitu
560 3610 721 3691 attingam
735 3607 805 3675 Sid.
830 3610 925 3692 epist.
941 3607 1017 3685 VH,
1044 3610 1094 3685 17,
1116 3608 1136 3673 2
1156 3627 1288 3672 versum
1317 3613 1355 3672 17
1384 3627 1515 3671 »murus
1531 3603 1716 3669 Alexandri

229 3711 263 3766 te
287 3719 353 3762 non
376 3708 501 3774 tenet«,
519 3700 574 3780 qui
598 3700 766 3781 conspirat
789 3720 864 3763 cum
881 3700 991 3763 verbis
1012 3719 1088 3762 »seu
1113 3711 1146 3762 te
1164 3697 1323 3762 incultum
1348 3718 1430 3778 saxa
1454 3706 1607 3762 tenent‹:
1634 3705 1715 3758 uter·

229 3809 293 3870 que
317 3785 372 3851 ille
397 3786 488 3851 locus
513 3807 556 3850 ex
579 3787 709 3854 Horatii
732 3809 758 3853 c.
782 3786 809 3871 I,
835 3790 866 3870 7,
890 3810 919 3856 v.
941 3788 980 3853 19
1005 3809 1053 3870 sq.
1082 3808 1158 3851 «seu
1182 3799 1215 3852 te
1239 3787 1396 3871 lulgentia
1420 3796 1529 3851 castra
1552 3789 1716 3864 tenent«¹)

229 3879 376 3962 pendere
412 3877 549 3952 videtur.
607 3877 655 3941 Ut
688 3879 840 3946 Sidonius
875 3879 927 3941 hic
968 3879 1051 3941 duos
1083 3879 1192 3940 Fiacci
1230 3877 1322 3940 locos
1358 3874 1561 3960 permiscuit,
1598 3875 1716 3955 quibus

230 3967 412 4030 communis
436 3975 488 4030 est
510 3966 694 4030 coniunctio
722 3988 817 4031 »seu«
852 3967 922 4053 (seu
946 3969 994 4046 te)
1020 3970 1170 4048 repetita,
1204 3964 1253 4032 ita
1276 3966 1439 4030 vocabulo
1467 3962 1714 4046 sinhospitalis«

230 4057 320 4141 (Hor.
344 4076 371 4119 c.
395 4053 423 4130 1,
448 4054 500 4132 22,
524 4057 558 4131 6)
589 4057 758 4122 traductus
789 4067 842 4122 est
873 4058 915 4120 ad
941 4057 1045 4120 simile
1068 4055 1209 4121 Horatiii
1244 4056 1447 4120 enuntiatum
1475 4067 1527 4119 »et
1550 4054 1718 4135 inhospita

230 4161 369 4228 tesqua«
395 4145 472 4228 (Ep.
488 4141 515 4218 1',
542 4145 593 4222 14,
621 4145 680 4228 19),
706 4147 797 4227 quod
821 4166 895 4210 cum
911 4146 1003 4210 Sollii
1027 4137 1054 4212 c,
1077 4144 1096 4211 l.
1121 4167 1217 4209 versu
1242 4147 1283 4210 91
1312 4157 1365 4210 »et
1387 4146 1553 4227 inhospita
1576 4154 1714 4224 tesqua«

232 4247 321 4301 recte
352 4245 629 4316 comparaverunt
656 4237 716 4299 viri
748 4236 942 4317 doctissimi;
973 4255 1056 4317 quae
1087 4238 1293 4317 comparatio
1317 4235 1412 4298 valde
1443 4232 1623 4316 probabilis
1656 4241 1716 4312 est,

231 4325 388 4407 quoniam
424 4322 478 4386 illa
510 4325 686 4387 verborum
711 4327 939 4389 coniunctione
964 4327 1052 4407 apud
1078 4338 1254 4408 utrumque
1278 4335 1410 4405 poetam
1437 4344 1550 4388 versus
1574 4319 1718 4386 clausula

231 4414 378 4478 efficitur.
425 4410 493 4477 Sed
517 4423 553 4477 ut
575 4412 643 4476 fieri
666 4415 762 4494 solet,
785 4413 989 4496 Apollinaris
1014 4417 1161 4478 eiusdem
1186 4413 1348 4497 epistulae
1371 4413 1573 4478 Horatianae
1597 4412 1638 4494 (v.
1662 4407 1719 4490 35)

236 4506 344 4567 »iuvat
368 4521 503 4566 somnus
527 4504 558 4564 in
583 4502 704 4566 herba«
731 4506 922 4567 memoriam
951 4505 1087 4585 protulit
1111 4505 1205 4568 dictis
1229 4507 1272 4586 (v.
1297 4499 1353 4590 96)
1375 4502 1549 4569 »libantem
1573 4502 1719 4582 caespite

232 4612 415 4658 somnum«.
461 4591 615 4672 Denique
638 4593 670 4654 in
694 4591 760 4659 Sid.
784 4614 813 4656 v.
838 4592 881 4660 95
909 4613 987 4656 »seu
1011 4602 1044 4658 te
1070 4630 1114 4640 -
1137 4596 1324 4674 praeruptis
1347 4595 1379 4656 in
1403 4593 1556 4676 rupibus«
1583 4593 1719 4660 forsitan

235 4682 365 4747 adlusio
389 4681 465 4744 insit
489 4682 529 4745 ad
554 4681 634 4748 Hor.
659 4693 720 4747 sat.
744 4680 789 4759 II,
821 4681 841 4744 6
872 4703 903 4748 v.
930 4682 971 4746 91
998 4682 1185 4748 referenda.
1232 4683 1307 4746 Hoc
1338 4693 1449 4748 tamen
1479 4681 1580 4745 levius
1604 4690 1654 4746 est
1681 4698 1720 4742 ac

234 4771 302 4836 fieri
325 4789 428 4853 posso
444 4772 600 4846 concedo,
627 4782 663 4836 ut
685 4769 762 4836 ilico
777 4771 983 4852 Apollinaris
1000 4783 1059 4837 aut
1083 4771 1217 4838 alterius
1234 4773 1400 4855 scriptoris
1417 4773 1557 4855 vestigia
1580 4777 1718 4854 premat,

233 4872 291 4926 aut
314 4862 381 4924 suis
404 4860 506 4941 ipsius
530 4859 670 4941 pedibus
694 4862 895 4944 ingredatur.

340 5036 360 5107 ¹)
381 5037 447 5092 Illud
469 5039 557 5090 Flacci
578 5056 678 5092 carmen
698 5042 832 5093 Sidonium
851 5043 956 5094 summis
976 5044 1002 5094 in
1020 5041 1125 5096 'deliciis
1144 5044 1266 5095 habuisse
1286 5059 1365 5110 supra
1390 5043 1527 5110 copiosius
1546 5045 1719 5096 demonstrare

231 5131 286 5166 sum
307 5117 389 5164 conat·
