3876 5604
781 353 957 421 ..55-

46 631 51 642 ,
102 585 172 635 non
190 565 315 633 vultus
334 567 489 636 instantis
505 573 635 651 tyranni
659 581 769 634 mente
793 571 927 648 quatit«.
953 570 1105 653 Denique
1129 568 1198 636 Sid.
1223 591 1255 636 v.
1282 567 1344 635 179
1369 567 1402 636 et
1418 570 1482 637 204
1509 583 1561 638 »et
1584 583 1627 637 te

102 656 337 736 porticus
375 659 548 742 accipit
574 661 735 742 ampla«
759 663 837 723 satis
855 659 987 723 habebo
1004 659 1181 724 contulisse
1198 677 1270 723 curn
1290 659 1373 724 Hor.
1392 681 1491 726 carm.
1508 659 1553 736 ΙΙ,
1573 655 1627 740 10,

105 746 150 809 16
170 757 311 812 etcum
340 760 399 816 sat.
417 747 443 832 I,
460 747 491 829 4,
510 749 637 831 133sq.
666 759 741 813 »aut
764 767 825 811 me
848 748 994 829 ampla
1018 750 1219 832 porticus
1242 747 1451 832 accepit«.
1475 749 1516 814 In
1540 750 1628 834 epis-

102 836 190 919 tula,
219 839 278 901 cui
306 839 377 903 hoo
391 858 521 903 carmen
546 837 690 903 intexuit
706 836 920 920 Apollinaris,
945 839 1175 920 componenda
1198 849 1274 903 sunt
1297 840 1400 903 verba
1428 842 1530 905 »inter
1554 861 1628 923 scy-

103 925 198 1006 phos
225 939 263 992 et
290 930 499 1010 amystidas«
526 927 602 1010 (cap
627 926 660 1005 5)
685 947 758 990 cum
783 928 970 992 Horatianis
994 925 1105 1011 (carm.
1123 926 1218 1007 Ι,36,
1237 926 1290 1010 14)
1318 927 1490 992 »Threicia
1513 930 1626 995 vincat

102 1018 326 1100 amystide«;
341 1019 366 1092 ¹)
388 1015 457 1082 vid.
481 1015 583 1083 Geisl.
607 1015 642 1081 in
666 1015 773 1099 Luetj.
801 1018 880 1082 edit.
904 1037 981 1100 pag.
1005 1016 1080 1084 412.

223 1123 364 1189 Indicia
395 1124 607 1190 mutuationis
630 1121 829 1188 Sidonianae
861 1144 904 1187 ex
927 1123 1069 1188 carmine
1101 1126 1143 1189 ad
1167 1124 1384 1190 Consentium
1409 1124 1513 1189 misso
1536 1126 1621 1189 haec

103 1214 398 1296 conquisivimus:
428 1214 495 1278 Sid.
519 1215 627 1277 versui
652 1213 694 1276 29
730 1232 879 1277 »usuram
910 1215 1120 1296 petimurque
1151 1215 1404 1298 reddimusque«
1441 1212 1622 1279 similitudo

103 1306 287 1384 quaedam
316 1316 367 1371 est
390 1324 465 1368 cum
488 1303 568 1367 Hor.
593 1314 651 1369 art.
677 1312 765 1382 poet.
789 1321 819 1368 v.
840 1303 876 1367 ll
898 1303 1045 1367 »veniam
1069 1303 1278 1385 petimusque
1302 1305 1523 1386 damusque«;
1549 1300 1619 1369 Sid.

103 1414 249 1457 versum
290 1393 338 1458 32
373 1394 470 1475 »quid
501 1393 642 1473 primum
674 1411 811 1455 venerer
841 1392 1016 1475 colamque
1047 1413 1108 1474 pro
1140 1404 1191 1456 te«
1224 1393 1455 1473 composuisse
1489 1391 1621 1458 invabit

105 1502 186 1547 cum
213 1483 308 1547 Hor.
334 1503 361 1550 c.
385 1481 411 1560 Ι,
440 1484 490 1555 12,
520 1479 559 1544 13
587 1480 683 1562 »quid
709 1483 798 1561 prius
820 1483 927 1545 dicam
957 1481 1064 1546 solitis
1089 1480 1271 1564 laudibus«,
1305 1501 1506 1564 quamquam
1538 1480 1623 1547 tales

107 1571 311 1637 locutiones
336 1573 444 1655 poetis
467 1568 602 1634 Graecis
626 1580 677 1633 sat
702 1569 874 1635 familiares
898 1568 997 1633 fuisse
1021 1570 1110 1634 haud
1134 1567 1369 1652 ignoramus.²)
1392 1569 1518 1635 Sidonii
1543 1591 1618 1635 ver·

107 1681 166 1723 sus
193 1661 242 1726 53
257 1699 276 1707 -
297 1662 341 1726 60
365 1663 443 1740 (non
467 1671 502 1723 tu
527 1678 714 1723 marmora.
739 1711 745 1724 .
769 1680 835 1721 non
859 1657 1035 1724 testudinis
1059 1657 1193 1724 Indicae
1216 1662 1365 1742 nitorem,
1391 1679 1457 1723 non
1482 1661 1508 1722 si
1533 1680 1618 1741 quas

109 1750 228 1814 eboris
255 1751 374 1815 trabes
398 1749 544 1812 refractis
569 1799 575 1812 .
603 1769 610 1828 3
635 1749 694 1810 scd
719 1767 778 1825 per
801 1751 973 1812 semirutas
997 1748 1073 1832 cet.)
1098 1751 1240 1828 madere,
1265 1761 1300 1814 ut
1324 1749 1369 1812 ita
1393 1747 1513 1828 dicam,
1537 1745 1621 1812 mihi

109 1841 275 1905 videntur
310 1858 460 1903 sermone
485 1837 667 1900 Horatiano
699 1834 739 1900 cf.
763 1857 861 1903 carm.
885 1836 931 1920 II,
958 1837 998 1901 18
1024 1859 1053 1900 v.
1083 1838 1190 1902 1-10
1218 1836 1297 1920 (non
1321 1838 1401 1902 ebur
1425 1849 1531 1920 neque
1556 1858 1620 1901 au-

110 1948 208 1991 reum
236 1949 317 1992 mea
341 1928 468 1990 renidet
490 1928 521 1989 in
545 1927 647 1989 domo
673 1925 813 2003 lacunar,
840 1948 906 1990 non
929 1928 1041 1992 trabes
1065 1973 1072 1988 .
1099 1979 1105 1994 .
1130 1937 1284 2010 premunt
1307 1926 1478 1992 columnas
1503 1928 1618 1994 ultima

110 2021 241 2081 recisas
268 2017 385 2081 Africa
408 2036 514 2098 neque
532 2068 537 2080 .
555 2037 573 2094 .;
598 2027 632 2078 at
656 2014 737 2078 hies
760 2018 835 2096 cet).
860 2017 960 2078 Porro
984 2017 1077 2095 quasi
1109 2012 1314 2098 praeteriens
1337 2015 1423 2080 colla
1442 2036 1518 2080 urus
1543 2035 1621 2079 sum

109 2105 183 2170 Sid.
210 2128 243 2171 ν.
271 2107 339 2172 209
364 2125 402 2188 sq
442 2125 516 2169 cum
541 2105 620 2169 Hor.
653 2124 704 2186 ep.
729 2101 755 2178 I,
781 2103 811 2187 2,
836 2106 878 2170 67
903 2125 961 2187 sq,
985 2104 1052 2168 Sid.
1084 2124 1114 2172 v,
1138 2105 1203 2170 245
1227 2125 1276 2188 sq.
1306 2124 1381 2168 cum
1416 2105 1497 2172 Hor.
1520 2123 1622 2170 carm.

110 2194 138 2262 I.
164 2195 222 2279 35,
251 2197 298 2260 29
323 2215 372 2274 sq.
399 2205 431 2258 et
454 2215 481 2261 c.
506 2192 541 2256 II
577 2193 606 2264 6,
635 2195 650 2256 l
677 2213 737 2276 sq,
763 2192 821 2257 Sid
855 2216 885 2259 v.
910 2193 977 2258 265
1008 2190 1141 2278 (chorus
1173 2198 1280 2257 omnis
1312 2195 1517 2276 histrionum)
1543 2205 1620 2257 cum

111 2285 196 2350 Hor.
224 2287 326 2368 epist.
352 2282 396 2366 ΙΙ,
422 2283 452 2366 2,
469 2287 510 2347 77
535 2280 749 2364 (scriptorum
773 2283 892 2346 chorus
917 2284 1043 2361 omnis),
1068 2284 1135 2347 Sid.
1161 2303 1182 2346 v
1218 2281 1284 2348 286
1300 2302 1349 2366 sq.
1377 2283 1622 2367 »ephebum

113 2387 242 2457 aptans
270 2377 320 2437 ad
344 2369 551 2456 cyathos«
579 2391 652 2434 cum
677 2371 758 2441 Hor.
783 2392 881 2436 carm.
906 2371 931 2455 Ι,
950 2371 1040 2452 29,7
1066 2392 1114 2455 sq.
1140 2393 1317 2454 puer...
1341 2373 1391 2438 ad
1415 2372 1622 2455 cyathum

116 2474 326 2544 statuetur«;
351 2463 389 2527 cf.
415 2461 530 2525 Iuven.
554 2471 614 2524 sat.
638 2458 736 2540 XIII,
759 2461 812 2527 43.
849 2461 973 2526 Sidonii
997 2463 1108 2545 verba,
1142 2480 1226 2543 quae
1250 2461 1404 2545 leguntur
1428 2483 1458 2527 v.
1481 2461 1546 2527 419
1571 2479 1620 2544 sq.

124 2574 206 2634 »per
233 2552 400 2636 procellas
422 2552 426 2636 l
447 2563 604 2633 quantum
638 2571 698 2614 nec
723 2551 865 2616 roboant
888 2551 1021 2616 volutae
1047 2553 1090 2615 ab
1113 2552 1260 2616 Austro«
1290 2605 1296 2618 .
1323 2605 1329 2619 .
1354 2552 1547 2616 memoriam
1570 2569 1621 2614 re·

118 2656 247 2708 vocant
273 2643 400 2706 Horatii
433 2654 493 2705 sat.
520 2637 565 2718 II,
589 2639 619 2715 8,
644 2639 699 2712 56.
732 2640 883 2724 Denique
906 2639 1062 2705 Sidonius
1092 2662 1208 2706 versus
1231 2642 1297 2707 479
1321 2660 1369 2724 sq.
1394 2637 1441 2703 of
1450 2640 1464 2704 f
1470 2641 1621 2704 iciosi·

118 2743 190 2796 tas
215 2732 348 2816 Marini,
373 2732 466 2794 cuius
490 2727 759 2794 sedulitas«.
786 2782 792 2796 .
816 2730 892 2794 ideo
917 2750 982 2793 non
1006 2730 1076 2794 sine
1100 2731 1340 2794 reminiscentia
1355 2730 1484 2796 Horatii
1508 2727 1620 2815 (epist.

118 2817 146 2902 I,
174 2822 205 2903 7,
225 2824 246 2887 8
276 2820 596 2901 ’officiosaque
620 2818 835 2883 sedulitas
858 2830 911 2884 et«
931 2868 938 2883 .
959 2823 979 2898 .)
1003 2820 1236 2902 conscripsisse
1251 2821 1391 2898 videtur,
1416 2820 1492 2901 quia
1515 2818 1621 2884 altero

119 2929 261 2993 quoque
285 2910 360 2973 loco
385 2909 531 2974 similiter
556 2908 634 2972 dicit
657 2907 695 2969 cf.
723 2907 790 2973 Sid.
811 2909 907 2991 epist.
932 2906 1085 2993 11‚12,3
1113 2908 1275 2972 »seduli
1298 2907 1472 2991 languidos
1497 2906 1620 2972 multos

119 2999 476 3065 officiosissime
501 2995 692 3076 occidunt«;
717 3018 832 3079 parum
856 3011 1008 3063 accurate
1039 2997 1176 3062 alterum
1209 2997 1294 3062 hunc
1318 2999 1426 3062 locum
1450 2995 1620 3061 Geislerus

120 3089 167 3170 (in
193 3089 305 3172 Luetj.
330 3089 397 3154 edit
421 3109 497 3171 pag.
522 3087 600 3168 359)
624 3089 807 3169 proposuit.

235 3197 275 3260 In
299 3197 414 3262 ultimo
438 3195 532 3261 Soliii
561 3196 712 3274 carmine,
743 3193 836 3258 cuius
860 3193 962 3259 index
995 3205 1046 3259 est
1073 3195 1348 3277 »propempticon
1381 3194 1424 3259 ad
1448 3192 1614 3258 libellum«

121 3299 260 3370 praeter
283 3285 485 3353 imitationes
509 3305 609 3366 supra
644 3284 760 3348 allatas
783 3281 894 3348 inveni
919 3284 1023 3348 nullas
1071 3283 1210 3348 Carmen
1246 3286 1354 3366 ipsum
1388 3303 1526 3366 compar
1561 3293 1613 3349 est

123 3377 344 3457 epistularum
376 3374 497 3458 prioris
521 3375 592 3436 libri
616 3375 871 3438 Horatianaum
896 3373 1039 3440 ultimae.
1086 3371 1283 3456 Comparari
1307 3383 1448 3455 possunt
1472 3375 1557 3438 inter
1581 3393 1618 3436 se

123 3466 159 3529 hi
184 3469 266 3531 loci:
292 3465 362 3533 Sid.
386 3487 415 3532 v.
439 3465 481 3529 22
506 3461 847 3547 (flavum-Triobrem)
882 3483 957 3526 cum
980 3464 1061 3528 Hor.
1085 3483 1183 3527 carm.
1208 3461 1234 3538 Ι,
1258 3461 1290 3545 8,
1315 3464 1336 3529 8
1360 3460 1496 3548 (flavum
1519 3461 1620 3526 Tibe·

124 3557 201 3639 rim)
225 3559 295 3621 sim.
320 3577 346 3620 c.
370 3553 396 3638 1,
423 3555 451 3630 2,
480 3555 538 3635 13;
571 3551 615 3628 II,
642 3553 672 3631 3,
699 3553 739 3618 18
764 3563 799 3618 et
822 3552 925 3635 Verg.
949 3551 1037 3618 Aen.
1061 3550 1141 3635 VII,
1166 3552 1227 3634 313
1253 3554 1328 3617 dein
1352 3550 1421 3618 Sid.
1445 3571 1476 3615 v.
1493 3551 1546 3618 ’70
1569 3570 1619 3632 sq.

126 3665 202 3709 cum
226 3647 307 3712 Hor.
332 3647 429 3727 epod.
454 3642 499 3726 II,
527 3643 567 3707 19
591 3662 639 3726 sq.
675 3679 718 3688 -
742 3643 825 3706 Item
849 3640 958 3706 Flacci
982 3643 1074 3705 locos
1097 3641 1165 3705 fere
1190 3661 1315 3719 omnes,
1341 3661 1426 3725 quos
1449 3638 1620 3705 Geislerus

128 3735 160 3794 in
185 3737 259 3800 edit.
284 3735 392 3816 Luetj.
416 3756 448 3816 p.
475 3732 651 3798 384-416
684 3752 758 3795 cum
782 3729 940 3795 similibus
963 3730 1089 3795 Sidonii
1112 3732 1286 3796 enuntiatis
1311 3734 1509 3814 composuit,
1535 3729 1620 3796 litte-

130 3833 234 3887 ratum
258 3825 346 3887 illum
366 3826 471 3887 virum
497 3842 577 3885 non
601 3819 866 3885 imitationis
890 3822 967 3884 sed
991 3821 1341 3901 comparationis
1366 3823 1509 3903 gratia
1531 3829 1620 3885 attu-

130 3909 205 3975 lisse
236 3914 440 3979 arbitramur.
486 3911 617 3976 Etenim
650 3911 700 3974 de
733 3910 962 3976 manifesta
996 3908 1292 3974 aemulatione
1322 3910 1391 3974 vix
1423 3910 1620 3991 cogitari

132 4013 287 4079 potest,
311 4021 387 4066 cum
411 4003 512 4065 hosce
536 4001 676 4083 legimus
700 4000 811 4063 locos:

206 4147 209 4157 '
235 4144 302 4215 Sid.
326 4167 353 4210 c.
379 4143 423 4249 II,
449 4143 781 4248 ffb-malobathrum
800 4181 838 4192 -
855 4144 936 4212 Hor.
960 4165 987 4212 c.
1003 4142 1048 4228 II,
1072 4141 1140 4228 7,7
1164 4162 1212 4226 sq.
1237 4143 1380 4210 nitentes
1403 4142 1617 4208 malobathro

232 4322 301 4389 Sid.
324 4234 623 4408 ξγΙτΙιῗὶἕὲᾚε
648 4323 779 4387 credula
804 4359 846 4370 --
869 4323 947 4389 Hor.
972 4344 998 4389 c.
1023 4321 1049 4403 I,
1075 4324 1125 4400 ll,
1151 4324 1170 4388 8
1196 4325 1363 4389 minimum
1387 4324 1531 4390 credula.

233 4413 300 4478 Sid.
325 4435 352 4481 c.
377 4415 419 4495 V,
438 4412 755 4585 e451¹irslrgqsgoesquos,
791 4410 913 4495 Epirus
937 4433 1040 4497 equas
1077 4451 1120 4463 —
1155 4414 1237 4481 Hor.
1274 4435 1302 4482 c.
1328 4413 1355 4498 Ι,
1380 4414 1410 4498 7,
1435 4413 1478 4480 91
1503 4422 1617 4495 aptum

234 4661 253 4727 ¹)
276 4667 335 4716 Vox
356 4666 423 4716 enim
444 4665 579 4728 amystidis
599 4691 632 4700 —-
652 4665 674 4714 si
694 4665 847 4716 Forceilinii
868 4667 990 4718 thesauro
1011 4668 1138 4718 confidere
1167 4667 1225 4716 licet
1249 4692 1280 4702 -
1302 4671 1402 4716 tantum
1432 4666 1532 4716 duobus
1562 4659 1617 4715 illis

125 4754 189 4802 quos
211 4738 477 4791 commemoravimus.
499 4737 563 4786 locis
583 4738 718 4800 reperitur.

233 4824 253 4886 ’l
274 4829 315 4877 Cf.
335 4827 410 4876 Arati
431 4827 495 4875 illud
515 4824 583 4890 (sim.
605 4825 715 4889 Quintil.
735 4823 768 4884 X,
788 4825 811 4887 1,
833 4827 887 4888 46),
907 4829 975 4893 quod
1004 4829 1121 4878 imitatur
1141 4827 1273 4891 Vergilius
1301 4828 1363 4877 Buc.
1393 4824 1440 4883 111.
1470 4830 1517 4894 (³03
1538 4828 1615 4881 Ovid.

126 4899 192 4948 Fast
223 4901 253 4956 V,
277 4902 335 4963 111,
355 4895 410 4948 alii.
449 4899 579 4960 Sidonius,
599 4907 627 4948 ut
646 4899 696 4947 hoc
716 4899 813 4960 addam,
834 4901 928 4949 litteris
947 4900 1055 4949 Graecis
1084 4901 1197 4949 imbutus
1228 4916 1282 4948 esse
1311 4899 1425 4964 videtum
1453 4899 1519 4962 legit
1549 4900 1616 4949 eninr

128 4971 347 5036 ,Epitrepontem
367 4969 525 5029 Menandri“,
564 4971 630 5035 quod
650 4970 707 5035 ipse
726 4969 791 5018 dicit
811 4973 880 5036 epist
921 4973 968 5030 lV,
1000 4974 1041 5033 12,
1072 4973 1099 5037 13
1129 4978 1263 5036 praeterea
1292 4970 1418 5035 respicias
1446 4973 1531 5028 verba,
1551 4987 1616 5035 «luae

126 5044 247 5106 leguntur
267 5043 344 5106 epist.
366 5038 398 5102 ll,
418 5041 443 5104 2,
463 5044 479 5092 8
502 5043 658 5106 ,piscina
680 5041 822 5092 forinsecus
842 5060 895 5098 seu.
915 5043 937 5092 si
957 5044 1072 5106 graecari
1092 5043 1180 5105 mavis,
1202 5042 1469 5107 baptisterium⁸
1493 5080 1543 5097 ..,
1564 5043 1616 5092 viil.

127 5116 207 5164 etium
228 5116 256 5167 C.
278 5114 397 5178 Purgolrl.
418 5114 558 5166 Archaeol.
578 5112 695 5164 Bemerk.
717 5129 747 5162 zu
768 5117 859 5166 Claud.
878 5132 902 5165 u.
923 5116 1011 5165 Sidon.
1032 5130 1090 5180 pag.
1114 5116 1171 5165 109.
