3876 5604
862 321 865 326 ’
964 355 1139 419 -rs-

410 573 560 655 Denique
595 571 647 637 hic
685 572 998 636 commemorandus
1035 577 1086 633 est
1117 566 1218 650 locus,
1255 566 1310 646 qui
1343 563 1530 647 legentibus
1566 581 1602 626 sc
1637 559 1734 624 offert
1766 558 1800 620 in

304 663 429 729 Sidonii
453 661 598 728 carmine
623 665 739 744 quinto
764 659 807 746 (v.
830 659 895 726 485
921 657 1000 742 sq.):

407 813 409 820 ·
520 787 714 868 obsequium
737 805 844 864 gens
868 804 931 847 una
955 793 1062 864 negat,
1087 802 1197 863 quae
1220 799 1324 862 nuper
1347 779 1399 841 ab
1423 775 1584 842 Histro

733 874 908 938 rettulit
931 873 1124 937 indomitum
1149 920 1157 937 .
1181 919 1189 934 .
1214 924 1220 936 .
1244 887 1372 951 agmen.

412 997 503 1066 Illius
527 1000 802 1084 pronuntiationis
826 997 1029 1062 constructio
1052 997 1095 1061 ad
1118 996 1273 1058 amussim
1298 993 1363 1055 fere
1392 992 1571 1073 respondet
1597 991 1799 1054 Horatianae

306 1090 345 1190 (c.
371 1088 429 1169 IV,
453 1090 484 1168 4,
509 1088 553 1155 53
577 1096 665 1176 sqq.)

678 1215 794 1276 gens,
819 1212 929 1276 quae
953 1203 1099 1258 cremato
1123 1192 1215 1256 fortis
1240 1190 1291 1253 ab
1315 1187 1404 1252 llio

680 1286 813 1364 (iactata
837 1281 956 1347 Tuscis
981 1281 1179 1364 aequoribus
1203 1280 1310 1354 sacra)

678 1395 708 1440 v.
733 1373 775 1439 56
799 1370 991 1453 pertulit
1014 1371 1181 1436 Ausonias
1205 1370 1248 1433 ad
1272 1369 1379 1432 urbes.

408 1501 481 1583 Jam
504 1520 585 1563 vero
609 1502 651 1562 ad
674 1499 761 1560 aliud
785 1497 914 1561 Horatii
944 1515 1085 1570 carmen,
1121 1497 1236 1577 prioris
1270 1493 1362 1576 quasi
1395 1493 1685 1566 continuationem,
1719 1509 1799 1571 pro·

308 1593 506 1674 grediamur,
528 1589 603 1653 dico
626 1608 653 1652 c.
676 1584 738 1670 IV,
766 1585 816 1661 14,
848 1607 915 1668 quo
957 1595 1058 1668 poeta
1081 1585 1270 1648 Venusinus
1307 1584 1481 1644 »maiorem
1517 1581 1705 1642 Neronem«
1741 1578 1798 1661 (ib.

307 1701 338 1746 ν.
363 1677 419 1765 14)
444 1679 571 1743 honore
595 1678 817 1759 prosequitur.
863 1676 1000 1738 Flaccus
1024 1675 1067 1738 ibi
1101 1677 1334 1755 imperatorem
1357 1672 1515 1734 victorem
1541 1670 1586 1732 ita
1622 1669 1798 1749 alloquitur

306 1792 336 1839 v.
360 1769 400 1835 41
427 1789 500 1851 sqq.

542 1871 593 1936 Te
617 1873 781 1938 Cantaber
805 1893 870 1935 non
895 1883 972 1936 ante
995 1869 1173 1934 domabilis

542 1963 724 2045 Medusque
749 1973 782 2027 et
806 1959 919 2035 Indus,
944 1972 978 2024 te
1001 1960 1160 2042 profugus
1184 1958 1326 2040 Scythes
1351 1955 1355 2044 l
1382 1959 1531 2033 miratur;

649 2107 680 2150 v.
703 2085 747 2154 45
771 2107 844 2170 sqq.
868 2098 902 2151 te
926 2085 1064 2151 fontium
1088 2087 1143 2168 qui
1166 2083 1252 2149 celat
1275 2084 1418 2165 origines

650 2176 810 2257 Nilusque
835 2186 869 2240 et
892 2173 1016 2250 Hister,
1040 2185 1076 2240 te
1099 2175 1233 2255 rapidus
1256 2173 1417 2255 Tigris..
1445 2222 1451 2236 .

649 2274 683 2330 te
707 2266 809 2330 caede
834 2265 1017 2347 gaudentes
1040 2262 1219 2346 Sygambri

650 2354 842 2436 compositis
866 2363 1062 2417 venerantur
1085 2355 1191 2416 armis.

309 2484 437 2566 Quibus
474 2502 548 2545 cum
588 2480 736 2544 versibus
781 2479 869 2544 haud
908 2481 1036 2562 pigebit
1082 2497 1282 2560 componere
1327 2495 1442 2540 versus
1481 2473 1606 2538 Sidonii
1652 2494 1678 2540 c.
1725 2471 1799 2550 Vll,

309 2575 352 2638 42
376 2594 448 2655 sqq·
569 2710 575 2723 .
602 2709 609 2724 .
633 2707 641 2724 .
664 2658 764 2723 fracte
787 2656 989 2739 Sygambris,

567 2748 685 2811 Rhene
707 2758 847 2822 tumens,
872 2746 1093 2829 Scythiaeque
1117 2746 1211 2828 vagis
1236 2747 1381 2828 equitate
1405 2746 1546 2810 catervis

567 2838 679 2902 Hister
701 2848 735 2901 et
758 2836 909 2918 ignotum
932 2834 1006 2918 plus
1030 2847 1137 2912 notus,
1163 2835 1247 2917 Nile,
1272 2855 1332 2916 per
1357 2846 1474 2902 ortum.
1557 2827 1558 2834 '

313 2947 461 3030 Tametsi
495 2955 692 3026 argumenta
727 2943 895 3026 utriusque
927 2941 1156 3025 explicationis
1187 2945 1356 3008 sententiis
1389 2943 1447 3006 vix
1470 2943 1659 3020 cohaerent,
1684 2943 1799 3007 nihilo-

312 3036 414 3101 setius
438 3033 610 3098 Sidonium
638 3053 701 3114 pro
735 3052 794 3095 sua
829 3033 1030 3116 excerpendi
1062 3043 1131 3096 arte
1164 3034 1410 3114 verborumque
1433 3035 1663 3099 variandorum
1688 3035 1797 3100 studio

311 3124 376 3188 hos
399 3142 515 3186 versus
550 3123 592 3186 ad
615 3121 724 3185 Flacci
760 3120 948 3204 exemplum
984 3125 1211 3203 composuisse
1248 3119 1328 3185 mihi
1352 3142 1544 3202 persuasum
1569 3135 1639 3202 est;
1677 3125 1797 3190 etenim

312 3214 457 3295 undique
473 3210 635 3274 vocabula
650 3212 816 3294 decerpsit
839 3211 1038 3288 Horatiana;
1073 3211 1131 3274 sed
1155 3221 1191 3275 ut
1215 3212 1245 3274 in
1269 3230 1323 3273 res
1346 3211 1491 3294 singulas
1515 3214 1683 3294 inquiram,
1709 3212 1797 3276 nullo

218 3355 220 3358 .
312 3303 378 3366 alio
403 3301 520 3366 Horati
543 3311 600 3365 aut
623 3297 848 3366 Sidoniiloco
872 3300 974 3363 Histri
998 3312 1031 3364 et
1055 3299 1119 3362 Nili
1143 3302 1277 3363 nomina
1293 3300 1470 3367 coniuncta
1484 3300 1652 3384 leguntur.
1683 3303 1797 3377 Porro,

311 3402 347 3456 ut
371 3391 414 3457 de
438 3388 634 3473 Sygambris
657 3409 696 3452 ac
712 3389 845 3474 Scythis
868 3398 1006 3463 taceam,
1033 3389 1088 3470 qui
1104 3399 1243 3470 utroque
1259 3387 1334 3452 loco
1352 3393 1568 3471 nominantur,
1591 3393 1799 3458 manifestum

311 3491 517 3544 momentum
551 3480 592 3542 ad
631 3477 729 3541 huius
766 3477 994 3541 aemulationis
1030 3478 1226 3543 Sidonianae
1266 3480 1438 3545 veritatem
1479 3480 1510 3544 id
1549 3481 1668 3561 adfert,
1709 3482 1800 3565 quod

310 3568 513 3651 Apollinaris
539 3566 618 3632 Nilo
641 3566 770 3632 flumini
794 3567 934 3631 eandem
957 3568 1070 3633 tribuit
1094 3569 1298 3633 notationem
1321 3581 1421 3650 atque
1446 3569 1591 3644 Flaccus,
1617 3593 1681 3654 qua
1705 3573 1736 3635 in
1759 3592 1794 3634 re

311 3655 564 3723 similitudinum
587 3658 688 3722 cardo
712 3659 855 3722 vertitur.
911 3655 979 3720 Sed
1002 3676 1076 3719 cum
1100 3656 1256 3720 Horatius
1288 3657 1412 3723 dictum
1435 3657 1513 3723 illud
1550 3660 1705 3727 »sontium
1739 3661 1793 3741 qui

311 3748 398 3812 celat
421 3746 584 3830 origines«
613 3744 792 3810 illustrandi
815 3764 914 3809 causa
948 3745 1035 3810 haud
1060 3748 1129 3809 sine
1154 3747 1287 3827 poetico
1311 3749 1457 3828 quodam
1481 3750 1600 3813 ardore
1625 3749 1792 3824 adhibeat,

312 3835 469 3901 Sidonius
493 3834 736 3918 magnificentia
759 3833 886 3898 illectus
918 3854 1036 3899 vocem
1069 3834 1156 3898 illam
1181 3835 1396 3900 Horatianam
1420 3836 1592 3902 infeliciter
1627 3859 1706 3902 sane
1739 3840 1795 3901 ad-

314 3922 462 4003 fectavit,
497 3927 553 4007 qui
587 3924 697 3990 verbis
729 3924 899 4006 ’ignotum
924 3923 996 4004 plus
1028 3933 1126 3988 notus
1159 3945 1217 4006 per
1240 3934 1367 3989 ortum«
1404 3925 1554 4009 exempli
1578 3929 1627 3991 sui
1651 3926 1795 3991 colorem

312 4013 445 4080 dicendi
468 4015 605 4095 adsequi
629 4023 767 4078 conatus
790 4011 825 4077 in
849 4023 949 4077 tenue
972 4013 1104 4077 dicendi
1128 4033 1232 4096 genus
1257 4034 1295 4076 ac
1319 4034 1424 4096 prope
1449 4015 1483 4078 in
1500 4017 1683 4081 orationem
1706 4017 1797 4081 dela-

312 4106 399 4170 bitur
433 4102 584 4168 solutam.
602 4138 644 4149 -
668 4102 777 4184 Quam
801 4100 1018 4167 imitationem
1044 4102 1096 4165 alii
1120 4103 1184 4165 loci
1202 4101 1380 4186 Sidoniam,
1406 4106 1461 4186 qui
1485 4106 1528 4169 ad
1551 4105 1676 4169 vicinos
1700 4103 1797 4170 huius

312 4192 488 4258 Horatiani
512 4191 664 4256 carminis
688 4211 803 4256 versus
825 4202 988 4273 spectant,
1015 4192 1213 4256 comitantur
1240 4193 1373 4275 eiusque
1398 4193 1496 4258 fidem
1520 4193 1724 4279 stabiliunt.¹)

420 4317 544 4384 Omnes
576 4319 675 4403 igitur
698 4327 824 4402 gentes,
858 4337 996 4401 quarum
1029 4338 1130 4400 supra
1164 4319 1287 4383 mentio
1311 4317 1397 4383 lacta
1421 4328 1483 4395 est,
1508 4318 1657 4384 Caesaris
1681 4320 1798 4383 dicioni

313 4410 478 4474 obnoxias
513 4429 586 4473 esse
622 4409 667 4474 ait
689 4408 855 4485 Horatius,
894 4426 959 4495 qua
994 4427 1069 4472 cum
1105 4408 1268 4473 sententia
1304 4407 1509 4490 aliquatenus
1545 4406 1699 4492 congruit
1730 4406 1799 4474 Sid.

313 4519 341 4566 c.
366 4498 399 4561 V
422 4520 453 4564 v.
476 4498 542 4564 478
567 4517 617 4580 sq.

420 4608 554 4690 (gentes
577 4603 776 4689 complures)
827 4614 923 4686 ‚post
947 4602 1077 4685 aquilas
1101 4621 1221 4667 venere
1245 4613 1342 4682 tuas;
1371 4601 1433 4668 tibi
1457 4602 1574 4667 militat
1597 4603 1703 4666 omnis

656 4693 823 4760 Caucasus
847 4703 881 4758 et
904 4690 1085 4774 Scythicae
1111 4703 1210 4775 potor
1235 4691 1423 4757 Tanaiticus
1447 4693 1587 4759 undae«.

314 4799 502 4867 Verborum
526 4814 637 4868 autem
662 4803 790 4884 species
814 4802 920 4864 minus
943 4810 1021 4882 apte
1054 4822 1128 4864 cum
1152 4801 1291 4864 Horatio
1323 4811 1561 4886 componetur;
1594 4800 1801 4865 consentiunt

315 4893 563 4974 quodammodo
593 4889 763 4956 enuntiata
799 4887 879 4955 ›tibi
903 4888 1023 4954 militat
1046 4889 1230 4954 Caucasus«
1267 4900 1327 4954 cet.
1361 4900 1394 4953 et
1433 4898 1483 4955 ›te
1520 4900 1716 4954 venerantur
1740 4889 1801 4972 Sy·

424 5033 444 5102 ¹)
466 5035 654 5101 Repetitionen
671 5036 785 5090 eandem.
806 5052 855 5101 qua
874 5035 955 5085 utitur
972 5034 1097 5083 Horatius
1117 5033 1195 5097 (te-te
1215 5071 1221 5085 .
1243 5033 1262 5099 .)
1281 5033 1387 5099 legimus
1403 5034 1471 5097 apud
1489 5032 1623 5084 Sidonium
1643 5033 1669 5082 in
1688 5031 1803 5099 pessimi]

315 5106 501 5158 sententiarum
521 5123 586 5157 nexu
607 5122 682 5157 carm.
703 5102 739 5162 V.
759 5107 811 5157 ⁶94
830 5121 867 5171 sq.
