3876 5604
912 377 1066 443 ..4-

351 591 546 674 Priusquam
569 591 611 656 ad
635 590 783 673 singulos
806 588 899 654 locos
922 589 1125 656 Horatianos
1148 589 1420 675 Sidonianosque‚
1454 597 1510 677 qui
1534 597 1735 678 cognatione

245 681 388 762 quadam
418 683 502 747 inter
533 701 607 744 sese
637 681 800 744 coniuncti
831 689 917 758 sunt,
948 677 1144 743 adferendos
1176 700 1229 744 me
1259 683 1437 765 accingam,
1469 686 1558 748 haud
1593 685 1733 748 alienum

246 771 325 834 mihi
347 771 476 835 videtur
500 789 599 850 quam
615 770 808 834 brevissime
832 788 1011 851 exponere,
1028 770 1105 849 quid
1130 789 1233 850 usque
1250 772 1292 834 ad
1315 783 1463 837 nostram
1479 775 1565 837 hanc
1588 784 1733 839 aetatem

248 859 398 923 homines
429 859 563 924 litterati
594 860 626 921 in
658 859 853 940 indagandis
886 858 1010 922 Sidonii
1043 860 1159 922 studiis
1183 858 1373 924 Horatianis
1397 864 1462 926 sint
1485 866 1664 936 consecuti,
1699 874 1734 927 ut

247 969 340 1012 meae
364 950 465 1031 ipsius
482 949 731 1012 observationes
755 948 797 1011 ab
813 946 875 1010 illis
889 947 982 1010 sacile
999 949 1129 1029 possint
1145 949 1308 1031 distingui.
1332 949 1512 1014 Enimvero
1528 951 1734 1034 Apollinaris

247 1039 324 1118 quin
357 1038 466 1101 Flacci
500 1038 679 1101 carminum
715 1056 836 1119 gnarus
871 1036 974 1114 fuerit,
1010 1039 1177 1118 praesenti
1210 1039 1275 1101 hoc
1306 1050 1457 1121 tempore
1492 1027 1732 1106 dubitationem

247 1127 349 1191 habet
372 1126 502 1193 nullam.

355 1253 408 1316 De
432 1250 611 1316 rationibus
635 1250 743 1335 igitur,
762 1271 845 1332 quae
870 1253 953 1316 inter
977 1251 1151 1316 Horatium
1179 1250 1416 1336 Sidoniumque
1442 1265 1583 1340 exstant,
1608 1257 1733 1338 primus

248 1344 436 1406 summatim
474 1341 661 1405 dissertavit
698 1340 810 1405 Herm.
849 1339 1024 1404 Paldamus
1061 1342 1093 1405 in
1133 1345 1411 1407 commentatione
1450 1346 1532 1409 actis
1571 1348 1735 1427 gymnasii

248 1429 558 1513 Gryphisvaldensis
581 1449 609 1495 a.
636 1428 718 1496 1851
747 1431 937 1510 praemissa,
962 1450 1046 1511 quae
1063 1432 1248 1510 inscribitur
1276 1431 1346 1495 »De
1369 1434 1549 1498 imitatione
1573 1435 1734 1498 Horatii«.

250 1521 307 1584 Ad
331 1519 535 1600 Apollinaris
559 1520 774 1583 imitationem
791 1518 1009 1584 Horatianam
1034 1520 1271 1602 designandam
1296 1521 1359 1584 illic
1383 1523 1448 1586 duo
1473 1522 1557 1587 levia
1582 1523 1736 1604 exempla

249 1609 403 1691 leguntur
425 1629 458 1690 p.
481 1607 525 1673 20
546 1607 730 1690 proposita.
761 1605 828 1671 Sed
852 1609 980 1690 singula
1003 1620 1198 1691 argumenta
1222 1608 1316 1690 plura
1339 1627 1439 1692 atque
1463 1614 1626 1693 graviora,
1653 1633 1736 1694 quae

249 1699 314 1761 huc
348 1699 521 1779 pertinent,
553 1696 619 1761 late
653 1698 802 1777 dispersa
835 1697 899 1760 iam
935 1709 1011 1762 ante
1043 1698 1234 1762 Paldamum
1267 1710 1398 1764 veteres
1434 1699 1560 1765 Sidonii
1591 1703 1736 1766 editores

249 1788 500 1862 adnotaverunt,
525 1786 557 1848 in
581 1785 631 1849 his
655 1788 831 1867 praecipue
856 1786 900 1866 Ia.
924 1785 1059 1863 Savaro,
1091 1789 1182 1850 cuius
1205 1788 1305 1852 editio
1329 1790 1452 1870 prodiit
1476 1791 1604 1855 Parisiis
1631 1787 1736 1871 15993

250 1877 301 1942 ed.
325 1875 379 1941 alt.
406 1873 531 1958 1609.¹)
578 1875 744 1938 Nonnulla
768 1877 977 1957 quantumvis
1001 1876 1076 1939 vilia
1104 1878 1222 1939 indicia
1246 1879 1385 1958 praebet
1412 1877 1478 1958 Jac.
1501 1877 1737 1962 Sirmondus.²)

251 1965 449 2028 Recentiore
482 1974 592 2029 aetate
627 2001 671 2010 -
703 1984 744 2028 ne
775 1967 817 2028 dc
847 1964 950 2029 inutili
981 1965 1065 2047 Eug.
1101 1966 1210 2029 Bareti
1247 1967 1390 2030 editione
1424 1969 1656 2044 meminerim³)
1693 2003 1737 2013 —-

250 2054 454 2118 Christianus
477 2052 689 2133 Luetjohann
723 2055 845 2135 primus
879 2054 1058 2118 rationibus
1091 2056 1169 2119 artis
1191 2055 1321 2119 criticae
1355 2058 1485 2118 innixus
1518 2055 1677 2136 epistulas
1702 2066 1736 2119 ct

250 2145 394 2218 carmina
417 2141 532 2224 Apoll.
555 2140 678 2205 Sidonii
711 2144 872 2207 recensuit
905 2144 1157 2225 emendavitque
1189 2144 1296 2211 Berol.
1322 2143 1406 2210 1887
1432 2142 1487 2231 (=
1511 2145 1600 2210 Mon.
1624 2142 1736 2208 Germ.

250 2233 325 2298 hist.
347 2242 446 2297 auctt.
461 2232 631 2313 antiquiss.
656 2230 732 2296 fasc.
749 2230 852 2315 VIII.)
876 2231 961 2294 Huic
985 2234 1119 2297 editioni
1136 2232 1360 2314 amplissimae
1384 2235 1552 2317 Eugenius
1567 2232 1736 2296 Geislerus

250 2322 400 2396 adiunxit
435 2320 640 2384 corollarium
674 2321 765 2383 locos
800 2320 922 2384 similes
955 2333 1125 2386 auctorum
1160 2321 1296 2386 Sidonio
1331 2325 1530 2387 anteriorum
1565 2323 1735 2388 continens

251 2407 341 2496 (pag.
367 2408 567 2492 351-416),
592 2409 647 2473 ubi
670 2409 844 2490 aliquoties
868 2409 1027 2474 Venusini
1051 2431 1184 2493 quoque
1208 2421 1329 2494 poetae
1354 2415 1477 2477 mentio
1501 2411 1546 2477 fit.

359 2534 536 2615 Complura
570 2535 758 2599 imitationis
791 2533 988 2598 Sidonianae
1022 2536 1221 2599 documenta
1251 2537 1349 2600 etiam
1379 2537 1508 2600 Horatii
1538 2539 1737 2618 interpretes

252 2625 295 2689 ad
333 2625 442 2688 Flacci
480 2626 625 2687 carmina
661 2634 718 2688 aut
756 2621 946 2689 illustranda
982 2636 1039 2689 aut
1077 2625 1282 2688 emendanda
1320 2624 1507 2701 attulerunt,
1542 2627 1574 2690 in
1608 2626 1739 2690 illorum

252 2734 388 2778 numero
422 2714 522 2795 longe
552 2712 693 2795 plurima
723 2711 892 2776 Hofmann
921 2713 1176 2796 Peerlkampius,
1209 2714 1389 2778 litterarum
1422 2714 1648 2779 Romanarum
1683 2715 1736 2777 ille

252 2805 478 2884 peritissimus,
503 2804 594 2866 cuius
627 2804 804 2866 carminum
828 2803 943 2866 Horat.
969 2805 1067 2867 editio
1101 2807 1206 2884 prima
1242 2805 1365 2885 prodiit
1388 2803 1534 2868 Harlern.
1559 2825 1589 2871 a.
1617 2803 1738 2886 183141

252 2893 369 2974 Neque
393 2895 499 2956 minus
533 2892 659 2956 erudite
684 2890 724 2956 Ο.
749 2889 904 2954 Kellerus
936 2904 969 2956 et
1000 2893 1042 2955 A.
1067 2893 1233 2956 Holderus
1269 2894 1300 2955 in
1325 2894 1501 2957 editionem
1534 2915 1631 2960 carm.
1656 2895 1737 2957 Hor.

252 2983 295 3046 ab
318 2983 398 3064 ipsis
422 2979 657 3064 procuratam⁵l
681 2983 800 3044 idonea
824 2983 984 3063 quaedam
1010 2983 1197 3046 testimonla
1220 2981 1396 3045 Sidoniana
1421 2993 1623 3064 receperunt.
1671 2982 1737 3044 Sed

255 3088 302 3142 ea,
328 3090 412 3151 quae
435 3070 468 3134 S.
494 3067 688 3154 Obbariusl)
712 3090 778 3133 non
803 3073 872 3133 sine
905 3070 1058 3133 laudabili
1082 3071 1250 3152 diIIgentia
1280 3072 1477 3150 conquisivit
1501 3069 1550 3152 (cl.
1575 3072 1594 3137 1.
1619 3070 1637 3134 1.
1661 3090 1739 3151 pag.

254 3158 306 3235 34,
331 3157 384 3238 38,
409 3160 462 3239 43,
486 3160 539 3237 62,
565 3158 617 3234 64,
642 3159 694 3235 86,
729 3158 890 3235 99,v103,
925 3158 990 3225 368
1023 3159 1079 3243 11.)
1110 3162 1184 3223 ideo
1218 3159 1361 3243 neglexi,
1391 3163 1467 3241 quia
1498 3158 1561 3223 loci
1594 3157 1648 3242 itti,
1683 3161 1740 3239 qui

254 3250 374 3331 partim
412 3249 454 3314 ad
491 3250 696 3332 singulorum
738 3249 973 3313 vocabulorum
1012 3249 1079 3310 vim
1117 3250 1371 3312 examinandam
1411 3261 1573 3331 spectant,
1619 3253 1740 3331 partim

255 3340 385 3421 longius
409 3339 539 3420 repetiti
563 3348 649 3417 sunt,
674 3339 826 3401 adhunc
850 3357 944 3401 usum
968 3337 1096 3401 inutiles
1121 3357 1197 3400 esse
1220 3339 1299 3401 mihi
1323 3339 1527 3404 videbantur.

362 3463 512 3544 Denique
537 3464 633 3526 variis
657 3463 688 3525 in
721 3461 837 3526 libellis
861 3464 1028 3545 dispersos
1059 3464 1166 3527 inveni
1189 3463 1281 3526 locos
1313 3465 1377 3527 huc
1407 3465 1618 3544 pertinentes,
1656 3483 1740 3544 quos

255 3553 315 3616 viri
338 3553 436 3629 docti,
460 3565 559 3635 prout
582 3554 711 3615 occasio
728 3563 798 3616 erat
820 3553 940 3627 oblata,
966 3555 1089 3634 passim
1113 3552 1202 3615 libris
1225 3555 1292 3616 suis
1308 3555 1524 3620 inseruerunt.
1548 3551 1631 3615 Sunt
1657 3571 1739 3613 vero

255 3641 422 3705 volumina
456 3643 555 3705 haec:
590 3639 629 3705 Ο.
654 3638 776 3719 Keller,
802 3639 1042 3723 Epilegomena
1066 3662 1104 3704 zu
1129 3641 1248 3716 Horaz,
1284 3661 1360 3724 pag.
1383 3639 1436 3719 46,
1466 3639 1536 3715 122,
1563 3637 1636 3715 176,
1662 3637 1740 3704 422.

255 3729 320 3796 Ed.
345 3728 527 3810 Woelfflin,
549 3729 623 3795 ilat.
648 3753 677 3794 u.
702 3749 783 3794 rom.
809 3728 1044 3813 Comparation
1068 3750 1145 3812 pag.
1171 3730 1201 3794 8.
1226 3731 1268 3794 R.
1293 3731 1417 3811 Unger,
1442 3730 1484 3792 de
1508 3727 1606 3810 Valg.
1631 3749 1743 3810 poem.

257 3840 333 3902 pag.
359 3819 442 3898 398,
467 3821 615 3884 eiusdem
630 3822 773 3885 auctoris
801 3823 948 3885 »emend
965 3821 1088 3885 Horat«
1116 3840 1193 3902 pag.
1217 3819 1256 3897 3;
1282 3819 1361 3884 Ant.
1387 3817 1536 3899 Zingerle
1564 3817 1631 3880 »Zu
1656 3824 1743 3900 spiit.

365 3959 386 4026 ¹)
407 3965 459 4016 Ubi
478 3964 614 4015 Savaronis
640 3965 781 4015 editionem
810 3962 921 4022 laudavi,
948 3965 1101 4029 posterioris
1128 3977 1230 4030 semper
1253 3963 1376 4014 editionis
1401 3963 1528 4013 rationem
1554 3963 1641 4018 habui,
1663 3964 1739 4014 cuius

256 4036 333 4086 index
352 4042 404 4086 est:
430 4037 457 4086 C.
479 4035 505 4088 S.
524 4037 565 4102 Ap
594 4036 703 4093 Sidonii,
722 4037 895 4086 Arvernorum
915 4036 1045 4101 episcopi,
1065 4051 1145 4100 opera
1173 4037 1214 4102 Jo.
1235 4037 1330 4085 Savaro
1357 4035 1439 4084 multo
1459 4048 1536 4101 quam
1565 4042 1644 4085 antea
1665 4037 1743 4085 casti·

257 4107 342 4172 gatius
359 4108 511 4172 recognovit
530 4114 557 4156 et
575 4107 668 4157 librum
688 4107 897 4158 commentarium
917 4107 1021 4161 adiecit.
1041 4133 1076 4144 -
1096 4106 1227 4159 Summum
1246 4105 1320 4157 buius
1346 4105 1470 4157 editionis
1489 4108 1602 4172 pretium
1621 4108 1646 4156 in
1675 4107 1742 4156 libro

258 4180 443 4230 commentario
464 4181 545 4230 bonae
565 4179 645 4243 frugis
664 4179 741 4245 pleno
761 4179 876 4243 positum
896 4185 944 4230 est.
982 4180 1065 4242 Quam
1090 4179 1231 4229 editionem
1251 4179 1320 4229 haud
1344 4180 1411 4229 male
1430 4178 1555 4228 describit
1581 4179 1646 4242 Eug.
1667 4177 1742 4226 Geis-

258 4251 325 4302 lerus
346 4246 394 4310 ,de
413 4251 465 4316 Ap.
486 4251 587 4302 Sidonii
606 4251 714 4302 studiis“
736 4267 762 4317 p.
782 4252 797 4302 2
818 4266 853 4315 sq.

365 4340 387 4405 ¹)
407 4341 435 4390 C.
455 4342 480 4391 S.
499 4339 551 4406 Ap.
579 4339 681 4392 Sidonii
707 4356 785 4406 opera
810 4341 865 4406 Jac.
892 4340 1022 4392 Sirmondi
1047 4355 1108 4390 cura
1132 4344 1158 4389 et
1183 4341 1270 4391 studio
1294 4340 1428 4403 recognita
1455 4339 1575 4402 notisque
1603 4337 1741 4412 illustrata.

258 4411 329 4463 Edit.
358 4413 402 4461 111.
429 4412 544 4466 Ρ1111111.
572 4409 649 4466 1852.
688 4412 834 4464 Sirmondus
863 4412 944 4463 inulta
973 4412 1092 4477 exempla
1120 4412 1259 4476 congessit,
1287 4412 1380 4476 quibus
1407 4410 1567 4475 Apollinaris
1592 4407 1632 4457 sui
1658 4407 1741 4470 ipsius

257 4483 388 4534 aemulum
406 4500 433 4533 se
453 4487 569 4549 praebet.

365 4567 386 4638 ⁸)
408 4574 523 4624 Oeuvres
542 4575 573 4624 de
593 4573 699 4624 Sidoine
718 4573 888 4638 Apolliuaire‚
908 4578 980 4623 texte
999 4573 1062 4622 latin
1083 4588 1128 4637 par
1147 4573 1183 4622 M.
1202 4573 1306 4637 Eugene
1325 4573 1410 4636 Baret,
1448 4568 1553 4619 Parisiis
1574 4569 1653 4619 1879.
1692 4567 1743 4616 1110

259 4644 284 4695 in
304 4642 436 4694 b'irmondi
455 4646 574 4711 vestigiis
593 4645 719 4710 ingressus
739 4652 786 4698 est.

365 4730 388 4799 ⁴)
407 4734 443 4783 At
463 4751 528 4799 quae
547 4733 740 4799 Peerlkampius
759 4734 890 4800 proponit,
912 4735 1050 4784 maximam
1070 4739 1169 4799 partem
1190 4732 1240 4783 iam
1261 4734 1356 4782 Savaro
1376 4731 1507 4780 docuerat.
1534 4728 1629 4778 Nescio
1649 4745 1679 4778 an
1701 4728 1744 4778 hic

260 4806 300 4856 vir
318 4806 410 4857 doctus
428 4823 459 4856 ea
479 4822 510 4856 ex
528 4807 666 4857 Savaronis
685 4806 870 4857 commentario
890 4806 1068 4870 desumpserit,
1096 4822 1153 4855 curu
1172 4812 1280 4868 uterque
1298 4803 1425 4866 interpres
1445 4802 1467 4850 si
1486 4815 1535 4850 non
1554 4801 1633 4850 mults
1653 4807 1741 4850 tamen

260 4878 349 4927 eadem
367 4878 484 4944 exempla
503 4878 639 4943 proferret.
677 4878 758 4942 Atqui
777 4884 817 4927 111
837 4877 916 4928 multa
935 4880 1076 4934 restabant,
1096 4893 1162 4941 quae
1182 4875 1375 4939 Peerlkampius
1394 4889 1443 4923 non
1464 4873 1574 4923 curavit.

366 4962 389 5033 ⁵)
408 4968 456 5022 Ed.
476 4968 557 5033 prima
577 4967 684 5032 Lipsiae
706 4966 858 5028 taut-tm
879 4981 954 5016 carm.
975 4972 1001 5016 et
1021 4967 1124 5031 epodon
1143 4966 1189 5015 lib.
1209 4965 1303 5014 iterum
1322 4977 1375 5015 rec.
1394 4964 1426 5013 O.
1446 4962 1534 5012 Keller
1555 4963 1632 5014 1899.

367 5053 390 5123 ⁶)
410 5057 441 5120 Q.
461 5058 524 5107 Hor.
544 5057 632 5107 Flacci
660 5057 784 5122 epistulas
804 5055 994 5106 commentariis
1014 5055 1150 5107 uberrimis
1169 5057 1306 5106 instructas
1334 5055 1373 5105 ed.
1400 5055 1581 5106 S.·0bbarius.
1623 5054 1741 5118 Lipsiae.

261 5131 338 5181 1855.
377 5129 427 5180 Sed
445 5129 577 5194 posterior
596 5129 674 5195 epist.
693 5130 758 5178 liber
777 5143 826 5178 non
846 5132 977 5178 tractatur.
998 5151 1032 5162 -·
