3876 5604
873 329 1050 395 ..49-

210 539 440 622 Apollinarem
461 525 529 605 hoc
552 543 627 606 loco
652 542 790 624 Vergilii
814 547 1022 624 potissimum
1045 546 1185 627 vestigia
1218 560 1428 626 persecutum
1460 573 1533 616 esse
1569 553 1705 637 opinor,

210 633 286 711 quia
309 641 411 712 poeta
434 633 669 713 Lugdunensis
694 631 740 713 (v.
764 633 953 718 289-289)
980 637 1098 699 eodem
1134 639 1295 700 sermonis
1327 638 1440 704 colore
1472 644 1573 708 utitur
1603 655 1705 726 atque

208 719 409 785 Mantuanus
449 720 517 785 Ecl.
553 719 773 802 1‚59-63.¹)
819 722 931 788 Sidon.
969 747 1000 788 v.
1039 723 1105 789 300
1129 744 1200 806 sqq.
1242 728 1307 789 »sic
1331 731 1501 809 quondam
1525 736 1707 800 consule

208 829 341 872 curvo
362 807 366 892 l
388 861 395 874 .
414 857 420 871 .
437 811 592 874 iumum
607 811 778 876 biberet
795 811 939 894 palmata
953 814 1105 877 bubulci«
1126 833 1169 876 ex
1187 818 1343 880 memoria
1360 819 1489 886 Horatii
1504 841 1531 886 c.
1546 821 1599 890 ΙΙΙ.
1615 823 1645 900 8,
1666 826 1703 890 ll

207 920 258 980 sq.
272 899 471 981 »amphorae
487 901 641 964 sumum
663 903 735 964 bib
747 921 814 964 ere
831 905 998 968 institutae
1020 902 1023 988 l
1045 901 1205 966 consule
1221 902 1364 970 Tullo«
1386 907 1520 975 fluxisse
1537 891 1706 979 consenta-

207 1010 306 1054 neum
332 1001 384 1056 est
408 991 601 1068 adfirmare;
625 991 664 1056 cl.
689 991 827 1055 Geisleri
869 993 1097 1057 adnotatioem
1123 994 1209 1056 hunc
1225 995 1268 1056 ad
1285 995 1392 1060 locum
1408 999 1439 1062 in
1456 999 1611 1083 Luetjoh.
1628 1005 1707 1069 edit.

208 1102 286 1165 pag.
312 1081 386 1147 392.
412 1119 450 1129 -
477 1082 603 1147 Sidonii
627 1104 656 1147 v.
682 1082 745 1146 347
771 1101 818 1163 sq.
847 1093 943 1163 »post
967 1081 1098 1145 saecula
1123 1092 1214 1146 tanta
1234 1081 1239 1166 Ι
1260 1083 1403 1149 ultorem
1432 1088 1536 1152 mihi
1559 1092 1706 1174 redde,

206 1193 373 1254 precor,
395 1185 533 1237 ..certe
558 1193 623 1235 non
648 1173 717 1234 sine
742 1173 900 1235 sermonis
926 1171 1097 1236 Horatiani
1122 1171 1195 1234 luco
1223 1173 1450 1257 conscriptum
1468 1187 1528 1245 est.
1546 1178 1705 1247 Conferas

206 1262 308 1326 velim
333 1266 415 1327 Hor.
442 1265 527 1346 epist
563 1260 644 1341 1‚7.
669 1261 712 1326 95
741 1263 899 1323 »obsecro
924 1272 958 1325 et
981 1262 1193 1344 obtestor,
1217 1263 1306 1325 vitae
1329 1283 1391 1327 me
1417 1268 1550 1332 redde
1574 1271 1705 1353 priori«.

205 1352 361 1418 Sidonius
386 1357 526 1419 eundem
551 1352 637 1414 hunc
660 1351 770 1413 Flacci
794 1350 904 1413 locum
932 1350 1037 1414 altero
1062 1349 1136 1413 loco
1171 1350 1217 1433 (in
1250 1370 1350 1418 carm.
1381 1351 1480 1432 XIII,
1515 1377 1546 1420 v.
1581 1358 1623 1426 23
1655 1381 1704 1444 sq.

211 1454 266 1507 »ut
289 1446 447 1507 reddas
472 1445 611 1524 patriam
644 1439 804 1522 simulque
836 1441 970 1502 vitam
1003 1475 1042 1486 —
1078 1449 1118 1503 te
1150 1441 1393 1526 precatur«)
1425 1446 1610 1512 aemulatus
1643 1461 1703 1526 est,

206 1555 273 1614 quo
297 1534 372 1597 loco
397 1536 511 1598 addito
536 1531 619 1595 illius
652 1529 956 1611 comprehensionis
988 1527 1186 1592 Sidonianae
1220 1532 1369 1594 membra
1402 1553 1538 1614 prorsus
1569 1557 1613 1600 ex
1637 1540 1705 1603 Ho-

206 1624 290 1685 ratio
315 1625 498 1705 conquisita
522 1641 596 1685 esse
619 1621 729 1700 liquet.
776 1618 842 1681 Sid.
867 1639 896 1680 v.
922 1615 987 1681 366
1012 1620 1124 1681 dicens
1152 1620 1306 1682 »terimus
1331 1641 1387 1684 cur
1403 1632 1555 1707 tempora
1571 1628 1699 1693 verbis·

206 1715 318 1777 nescio
354 1733 396 1776 an
432 1713 616 1794 respexerit
652 1710 849 1772 sententiam
887 1707 983 1790 illam,
1021 1727 1120 1789 quam
1156 1719 1258 1787 poeta
1283 1710 1471 1776 Venusinus
1507 1711 1701 1781 sublimiore

206 1823 286 1865 usus
311 1804 469 1867 orationis
495 1799 636 1864 elatione
661 1797 792 1878 scripsit
831 1797 928 1859 »dum
961 1797 1133 1879 loquimur,
1169 1796 1288 1878 fugerit
1319 1812 1429 1864 aetas«
1464 1802 1501 1884 (c.
1532 1800 1560 1880 Ι,
1596 1799 1647 1882 11,
1681 1809 1700 1873 7

210 1893 283 1974 sq).
306 1928 350 1940 -
374 1890 443 1956 Sid.
467 1912 498 1956 v.
521 1889 587 1954 399
616 1891 698 1950 »iam
723 1885 847 1949 dociles
879 1887 1018 1968 exponit
1049 1906 1172 1966 equos«
1208 1886 1385 1952 collaturus
1417 1911 1490 1954 sum
1522 1911 1596 1956 cum
1620 1895 1702 1962 Hor.

205 1984 302 2060 epist.
326 1978 352 2055 I,
379 1981 409 2055 2,
436 1981 479 2044 64
506 1979 619 2061 »fingit
643 1996 764 2059 equum
792 1976 964 2039 docilem«.
1001 2009 1045 2022 -—
1080 1975 1307 2040 Confidentius
1342 1977 1408 2044 Sid.
1433 2001 1462 2045 v.
1487 1979 1552 2046 506
1592 1983 1699 2048 »ferro

205 2071 411 2152 compescuit
434 2073 514 2133 iras«
543 2070 584 2132 ad
610 2067 750 2130 eundem
775 2064 901 2129 sontem
924 2063 983 2148 (sc.
1009 2066 1089 2129 Hor.
1112 2067 1210 2146 epist.
1234 2067 1257 2144 1,
1282 2066 1312 2141 2,
1352 2066 1395 2132 62
1428 2089 1475 2151 sq.
1513 2072 1580 2134 »ira
1610 2071 1699 2138 furor

203 2160 315 2224 brevis
338 2171 434 2239 est‹;
459 2161 545 2223 hunc
575 2168 611 2222 tu
643 2174 820 2237 compesce
844 2153 975 2233 catena)
999 2157 1234 2219 revocaverim.
1261 2154 1387 2220 Sidonii
1410 2161 1518 2224 versui
1538 2159 1604 2228 562
1624 2165 1699 2246 »qui

203 2250 345 2315 dictat
369 2250 471 2313 modo
495 2249 586 2312 iura
610 2241 754 2310 Getis«
781 2246 867 2308 bene
891 2245 1070 2310 subicietur
1093 2243 1174 2309 Hor.
1199 2265 1298 2313 carm.
1322 2244 1382 2322 ΙΙΙ,
1409 2247 1439 2323 3,
1465 2269 1495 2314 v.
1509 2250 1554 2313 44
1573 2251 1701 2316 »Roma

202 2337 297 2402 ferox
321 2340 422 2403 dare
447 2339 540 2400 iura
563 2335 743 2410 Medis«;
768 2334 855 2397 adde
879 2353 965 2415 quae
990 2354 1092 2415 supra
1116 2336 1275 2400 adnotata
1299 2345 1375 2400 sunt
1398 2338 1441 2401 ad
1464 2336 1531 2402 Sid.
1560 2360 1586 2406 c.
1611 2337 1653 2416 ΙΙ,
1671 2362 1701 2407 v.

203 2427 278 2494 203.
302 2464 344 2475 -
369 2425 546 2491 Sidonium
569 2443 686 2488 versus
711 2422 776 2488 568
801 2443 851 2504 sq.
889 2422 996 2504 »Quid
1028 2425 1161 2487 laudare
1192 2425 1334 2504 Petrum,
1368 2428 1490 2508 parvis,
1522 2429 1700 2494 temeraria

203 2517 285 2592 Clio,
311 2515 440 2580 viribus
464 2513 695 2598 adgrederisi«
724 2514 765 2576 ab
789 2513 939 2584 Horatio,
965 2515 1040 2576 dico
1066 2533 1166 2578 carm.
1191 2511 1252 2592 Ill,
1276 2513 1306 2588 3,
1341 2514 1385 2579 70
1408 2535 1456 2597 sq.
1493 2538 1579 2598 »quo
1603 2517 1700 2583 Musa

201 2607 332 2672 tendis?
353 2605 357 2689 Ι
378 2608 491 2670 desine
515 2605 673 2687 pervicax
698 2639 737 2648 -
763 2622 884 2684 magna
921 2603 1029 2665 modis
1063 2612 1198 2666 tenuare
1235 2601 1364 2685 parvis«
1404 2617 1589 2672 mutuatum
1625 2629 1698 2673 esse

202 2696 284 2760 mihi
308 2691 495 2778 persuasi.²)
542 2693 589 2758 Cf.
614 2692 680 2756 Sid.
704 2711 732 2752 c.
757 2689 832 2766 ΧΙΙ,
858 2713 888 2756 v.
913 2690 954 2755 20
980 2705 1014 2756 et
1038 2712 1135 2754 carm.
1164 2691 1199 2766 ll,
1226 2714 1254 2758 v.
1279 2692 1355 2759 536.

308 2823 342 2890 15
366 2817 571 2904 praelatione
595 2819 788 2900 panegyrici
812 2816 893 2882 dicti
925 2820 1025 2884 Avito
1061 2817 1217 2898 Augusto
1251 2819 1308 2899 (=
1333 2817 1456 2882 Sidonii
1491 2841 1591 2885 carm.
1616 2819 1696 2910 VI.)

198 2922 327 2976 tantum
352 2931 468 2974 versus
491 2909 533 2972 21
559 2929 630 2990 sqq.
658 2918 710 2970 »te
734 2917 873 2987 propter
904 2909 1014 2989 cessit,
1040 2908 1189 2970 manibus
1214 2918 1403 2972 constructa
1436 2910 1696 2978 tremendis...

200 3003 327 3066 dextris
350 3001 500 3064 cecidere
523 2996 712 3079 Gigantum,
738 2998 859 3061 decidit
883 3008 917 3061 et
941 2998 1156 3062 Rhoeti...‹<
1185 2994 1293 3078 aliqua
1330 3017 1373 3060 ex
1404 3009 1499 3080 parte
1532 3000 1694 3068 adludunt

199 3092 242 3154 ad
277 3109 409 3153 carmen
444 3089 581 3152 Sidonio
617 3088 747 3166 penitus
783 3086 946 3159 dilectum,
973 3087 1044 3150 dico
1069 3107 1095 3153 c.
1120 3083 1181 3169 IV,
1206 3087 1226 3150 2
1250 3108 1280 3150 v.
1307 3086 1347 3150 14
1384 3107 1455 3172 sqq.
1495 3109 1574 3172 »per
1608 3111 1695 3172 quos

199 3179 351 3243 cecidere
374 3180 460 3245 iusta
481 3177 485 3261 Ι
506 3187 612 3241 morte
637 3175 792 3239 Centauri
816 3189 849 3241 et
870 3177 987 3240 cecidit
1011 3175 1230 3262 tremendae}
1252 3177 1384 3260 flamma
1408 3175 1638 3248 Chimaerae«,

305 3302 344 3366 In
369 3301 444 3385 ipso
469 3299 567 3364 Aviti
591 3302 798 3383 panegyrico
821 3300 904 3364 haec
929 3300 1012 3364 mihi
1037 3313 1248 3366 occurrerunt
1265 3301 1432 3385 exempla,
1450 3323 1534 3385 quae
1559 3306 1591 3368 in
1617 3326 1695 3370 cen-

197 3414 270 3457 sum
294 3395 405 3456 venire
429 3400 579 3475 possunt.
626 3388 779 3458 Sidonius
805 3392 882 3455 dicit
906 3392 937 3456 in
962 3411 1050 3454 carm
1085 3390 1159 3466 VH,
1185 3414 1215 3455 v.
1243 3395 1281 3456 ll
1312 3412 1476 3456 »comas
1501 3394 1694 3478 duplicique

197 3483 431 3564 accingere
456 3482 609 3551 lauro«,
636 3479 726 3540 cuius
751 3477 904 3544 dictionis
929 3501 1023 3545 usum
1048 3477 1149 3562 poeta
1181 3482 1223 3544 ab
1249 3482 1390 3546 Horatio
1422 3482 1581 3564 petivisse
1614 3485 1694 3549 mihi

196 3574 335 3651 videtur,
362 3573 416 3652 qui
451 3591 549 3632 carm.
585 3565 645 3644 ΙΙΙ,
681 3567 725 3632 30
755 3591 785 3635 ν.
821 3570 860 3634 16
892 3570 1063 3634 simillimis
1096 3572 1195 3636 utitur
1226 3572 1354 3635 verbis:
1391 3571 1532 3635 »lauro
1564 3575 1694 3657 cinge

195 3662 323 3736 volens,
349 3660 570 3741 Melpomene,
607 3677 808 3736 comam«,
841 3657 882 3726 cf.
916 3660 996 3723 Hor.
1028 3681 1055 3722 c.
1087 3658 1144 3733 Ill,
1179 3659 1241 3734 25,Ι
1264 3680 1294 3726 v.
1329 3659 1380 3727 20.
1415 3697 1452 3706 -
1490 3659 1557 3727 Sid.
1589 3683 1619 3728 v.
1653 3663 1694 3729 19

201 3751 309 3814 »solus
335 3756 426 3817 fovet
451 3751 590 3812 omnia
614 3759 730 3810 nutus«
759 3750 954 3812 memoriam
978 3751 1104 3814 excitat
1128 3750 1256 3814 Horatii
1281 3770 1380 3814 carm.
1405 3747 1470 3823 ΙΙΙ,
1499 3754 1511 3811 l
1540 3772 1570 3818 v.
1596 3751 1625 3818 8.
1650 3789 1694 3800 -

197 3842 297 3904 Porro
323 3861 342 3902 a
365 3839 502 3903 Sidonio
534 3840 566 3900 in
597 3839 781 3918 pangendis
814 3840 963 3903 versibus
996 3840 1038 3904 23
1070 3857 1143 3920 sqq.
1178 3859 1354 3921 »germane
1386 3839 1548 3904 Tonantis
1575 3876 1613 3886 —
1639 3843 1693 3924 qui

198 3931 319 3994 findere
344 3949 439 3992 curru
460 3928 464 4012 l
486 3936 598 3990 suetus
622 3928 654 3987 in
678 3927 819 3990 attonita
842 3931 973 4011 spargis
997 3929 1063 3992 cito
1081 3940 1177 4011 terga
1193 3948 1363 3992 serenum«
1386 3929 1598 3992 observatam
1618 3951 1692 3995 esse

195 4019 324 4084 Horatii
349 4016 612 4100 explicationem,
639 4033 738 4094 quam
764 4015 949 4096 reperimus
974 4020 1004 4080 in
1029 4037 1125 4083 carm.
1157 4015 1185 4097 Ι,
1217 4015 1270 4094 34,
1303 4018 1323 4081 6
1356 4037 1427 4099 sqq.
1478 4018 1691 4101 »(Diespiter)

194 4110 305 4173 nubila
329 4109 478 4172 dividens
499 4103 504 4191 Ι
525 4125 586 4186 per
609 4123 728 4184 purum
753 4113 907 4170 tonantes
933 4109 1002 4188 egit
1025 4126 1130 4188 equos
1153 4105 1388 4188 volucremque
1413 4124 1561 4170 currum«
1589 4109 1647 4172 vix
1672 4129 1691 4172 a

193 4220 274 4262 vero
300 4198 479 4261 abhorrere
504 4194 581 4258 mihi
606 4191 774 4276 videruni)
822 4194 948 4258 Sidonii
972 4198 1096 4259 dictum
1123 4217 1204 4259 »vae
1228 4195 1319 4273 mihi,
1354 4196 1459 4278 qualis
1490 4199 1620 4260 eraml‹
1647 4198 1691 4278 (.

194 4287 251 4371 79)
278 4308 343 4350 non
368 4297 436 4350 tam
460 4296 538 4366 apte
562 4303 636 4346 cum
661 4283 740 4347 Hor.
764 4303 790 4348 c.
815 4282 872 4365 lV,
901 4285 928 4356 1,
966 4286 998 4360 3,
1032 4305 1130 4367 quam
1162 4305 1236 4348 cum
1269 4285 1395 4368 Vergil.
1426 4285 1512 4352 Aen.
1543 4284 1589 4370 ΙΙ,
1625 4287 1690 4352 274

193 4376 258 4462 (»ei
282 4375 373 4452 mihi,
399 4375 503 4456 qualis
528 4372 646 4454 erati«)
670 4391 847 4454 compono,
874 4375 949 4455 quia
973 4385 1074 4455 poeta
1098 4375 1296 4439 Mantuanus
1321 4375 1478 4440 similibus
1503 4374 1553 4438 his
1580 4377 1689 4440 verbis

194 4488 273 4531 usus
298 4485 429 4530 versum
453 4464 596 4528 incohat.
622 4459 817 4524 --Sidonii
842 4462 1049 4527 enuntiatum
1078 4464 1216 4546 »pocula
1248 4464 1374 4541 tingere
1407 4465 1518 4528 venis«
1553 4465 1598 4547 (v.
1631 4463 1688 4550 84)

192 4557 332 4619 sortasse
356 4555 540 4619 derivatum
564 4563 616 4616 est
639 4551 681 4614 ab
705 4552 823 4614 Horat.
848 4573 944 4618 carm.
970 4551 1029 4629 iv,
1058 4555 1097 4617 12
1121 4575 1151 4616 ν.
1175 4553 1218 4617 23
1246 4551 1397 4634 »tingere
1417 4551 1575 4635 poculis«.
1599 4555 1687 4617 Dein

302 4733 323 4800 ¹)
343 4737 425 4785 Prima
448 4737 537 4800 ecloga
557 4735 690 4785 Sidonium
721 4737 795 4785 valde
824 4735 980 4784 delectatum
1011 4751 1065 4784 esse
1097 4751 1145 4784 non
1175 4741 1221 4792 est,
1252 4734 1320 4796 quod
1349 4746 1482 4799 rnoneam3
1510 4734 1542 4783 cf.
1575 4735 1686 4784 Geisleri

194 4809 254 4858 diss.
295 4825 307 4855 a
329 4847 334 4858 .
356 4810 396 4858 10.

274 4823 326 4939 pi}
343 4881 381 4928 lin
400 4879 533 4943 utriusque
555 4879 606 4928 luci
627 4876 767 4930 collatione
788 4881 892 4944 adparet
914 4878 1069 4927 luculentam
1090 4877 1287 4927 similitudinem
1304 4881 1404 4925 exstare
1419 4878 1486 4926 inter
1501 4892 1579 4925 voces
1597 4879 1683 4926 Hora·

194 4953 280 4999 *ianas
301 4968 369 5014 „quo
390 4952 472 4999 tendis
494 4979 522 4986 —
547 4952 617 5000 Musa
649 4951 770 5014 pervicax
793 4979 804 4986 -
845 4951 927 4998 modis
955 4953 1056 5012 parvis‘*
1085 4957 1162 5012 utque
1189 4949 1341 4997 Sidonianas
1372 4949 1447 5012 ,quid
1473 4949 1618 5010 adgrederis
1650 4976 1682 4984 —-

197 5023 256 5072 Clio
277 5023 411 5070 temeraria
430 5048 466 5058 —
484 5024 583 5073 viribus
604 5020 716 5085 pa1·vis“,
737 5028 804 5087 quod
826 5023 869 5071 vix
891 5023 962 5070 casui
983 5022 1160 5084 imputandum
1182 5035 1238 5068 esse
1257 5035 1331 5068 neruo
1352 5020 1463 5083 negabit,

302 5089 323 5158 ³)
345 5095 398 5145 Sid.
419 5110 441 5143 v.
464 5096 497 5143 34
516 5111 570 5158 sqq.
591 5093 622 5142 cl.
646 5109 701 5142 eum
722 5095 777 5142 Hor
807 5094 881 5157 epist.
905 5091 936 5150 ll,
960 5095 972 5140 1
994 5107 1017 5141 v.
1038 5090 1054 5141 5
1073 5109 1127 5156 sqq.

1634 5194 1648 5248 7
