3876 5604
763 356 940 446 ..39-

97 591 243 658 terrisir
294 593 431 657 Flaccus
463 593 515 656 hic
539 592 637 658 altius
662 595 831 675 insurgens
862 613 920 673 per
948 595 1180 676 synecdochen
1211 615 1274 676 pro
1301 565 1453 661 »Africa«
1481 597 1597 681 appel·

98 683 226 748 latione
254 683 422 764 »Libyca«
456 684 565 748 utitur.
612 681 734 747 Sollius
757 694 868 748 autem
892 684 1176 764 personificatione
1204 683 1338 751 »Africa
1370 688 1481 753 metit«
1519 707 1597 751 usus

100 772 236 839 Horatii
259 774 538 838 constructionem
563 773 731 852 passivam
755 773 860 838 nitore
884 784 1028 854 superat.

210 913 368 979 Horatius
404 936 502 981 carm.
527 915 595 981 libr.
629 911 694 999 III,
726 935 753 980 c.
776 917 807 991 4,
831 913 874 980 30
898 933 970 997 sqq.
1005 935 1040 979 se
1072 917 1103 980 in
1128 917 1296 982 Musarum
1327 918 1429 985 tutela
1461 940 1501 982 ac
1533 919 1598 984 lide

97 1005 243 1069 hilarem
266 1007 367 1068 maria
379 1005 583 1070 tumultuosa
599 1015 820 1086 aestuosaque
836 1007 968 1070 deserta
985 1017 1230 1087 permeaturum
1247 1027 1321 1072 esse
1336 1007 1509 1074 confirmat
1533 1007 1595 1075 ita:

535 1147 772 1214 »insanientem
800 1148 910 1214 navita
934 1148 1122 1232 Bosporum

532 1241 705 1321 temptabo
730 1249 764 1303 et
786 1248 917 1302 orentes
941 1238 1081 1302 harenas

530 1327 634 1394 litoris
659 1326 796 1411 Assyrii
820 1325 960 1392 viator«.

98 1473 164 1535 His
187 1473 335 1537 versibus
359 1471 542 1556 adiungere
565 1472 660 1538 liceat
679 1470 806 1538 Sidonii
830 1471 949 1548 locum,
975 1474 1030 1553 qui
1054 1482 1165 1538 exstat
1189 1470 1223 1536 in
1247 1474 1451 1556 panegyrico
1467 1473 1597 1540 Anthe-

100 1564 214 1625 miano
237 1560 279 1647 (v.
306 1562 371 1628 505
395 1566 495 1645 sqqlt

479 1755 485 1772 .
511 1758 518 1772 .
543 1757 551 1774 .
579 1708 657 1770 »sed
681 1727 781 1788 quem
805 1707 907 1769 modo
932 1703 1084 1770 nauticus
1108 1708 1171 1772 urit

469 1807 589 1862 aestus
613 1793 841 1878 Abydenique
866 1793 958 1859 sinus
982 1806 1016 1860 et
1039 1793 1164 1862 Sestias
1189 1816 1246 1861 ora
1271 1845 1278 1863 .
1305 1845 1311 1862 .
1339 1845 1346 1863 .

479 1884 742 1951 circumclamata
766 1883 953 1968 procellis«.

210 2029 353 2093 Duobus
376 2028 430 2093 his
454 2029 537 2094 locis
560 2027 647 2096 inter
670 2050 705 2094 se
734 2029 862 2094 collatis
895 2029 952 2093 vix
984 2048 1184 2111 quemquam
1209 2027 1321 2112 lugere
1355 2041 1469 2112 potest
1492 2042 1597 2096 totam

100 2117 192 2182 illam
210 2119 338 2184 Horatii
362 2117 618 2201 explicationem
642 2121 707 2182 vim
733 2121 898 2200 quandam
922 2121 955 2181 in
970 2116 1100 2183 Sidonii
1124 2129 1270 2184 mentem
1288 2122 1482 2185 exercuisse.
1508 2119 1596 2184 Con-

98 2220 224 2289 gruunt
248 2211 336 2273 enim
367 2208 573 2289 aliquatenus
602 2212 770 2274 enuntiata
799 2209 1042 2292 »Abydenique
1074 2210 1182 2273 sinus«
1210 2219 1244 2274 et
1280 2206 1434 2292 »Assyrii
1459 2209 1597 2286 litoris«,

100 2298 164 2361 sed
191 2300 325 2380 gravius
348 2309 552 2363 momentum
569 2298 717 2381 positum
742 2311 792 2362 est
816 2296 850 2361 in
874 2318 993 2361 vocum
1018 2297 1218 2380 singularum
1243 2310 1414 2374 concentu,
1440 2301 1496 2382 qui
1519 2319 1599 2362 con·

102 2387 239 2469 spicitur
263 2390 294 2451 in
319 2388 427 2452 hisce:
452 2390 600 2453 nauticus
624 2423 667 2434 -—
691 2385 813 2469 navita,
840 2398 972 2452 urentes
998 2422 1038 2432 -
1063 2388 1135 2462 urit,
1160 2386 1200 2451 cl.
1226 2389 1325 2452 etiam
1354 2399 1517 2454 »aestus«.

212 2531 412 2596 Deducimur
435 2533 497 2596 hac
521 2551 653 2614 quoque
670 2529 855 2596 imitatione
872 2529 996 2596 Sidonii
1021 2532 1063 2595 ad
1080 2542 1184 2597 artem
1202 2531 1351 2598 criticam
1366 2532 1594 2600 Horatianam.

107 2618 353 2687 Commendant
383 2623 468 2686 enim
503 2620 650 2686 melioris
681 2634 781 2686 notae
805 2620 939 2684 codices
973 2623 1166 2703 scripturam
1202 2633 1386 2698 »urentes«,
1418 2642 1493 2685 cum
1525 2620 1600 2685 libri

103 2708 196 2773 tertii
231 2710 361 2792 generis
398 2708 538 2796 (Kelleri
572 2710 795 2793 digestionem
821 2707 955 2795 sequor)
994 2709 1129 2776 lectioni
1165 2721 1335 2777 »arentes«
1366 2710 1598 2794 suffragentur.

105 2798 255 2864 Kellerus
279 2803 321 2866 ad
345 2800 482 2865 dubium
507 2802 592 2865 hunc
617 2805 726 2864 locum
758 2798 889 2886 (epileg.
914 2803 956 2864 ad
980 2801 1059 2867 Hor.
1085 2821 1116 2882 p.
1149 2801 1227 2884 202)
1252 2803 1390 2866 adnotat
1422 2801 1598 2866 lectionem

108 2901 260 2953 »arentes
293 2909 429 2955 arenas«
466 2892 652 2973 speciosam
684 2891 845 2973 praebere
885 2887 1175 2972 adlitterationem‚
1209 2911 1294 2974 quae
1327 2909 1407 2955 sane
1438 2891 1599 2972 scriptura

109 2978 287 3043 ›harenas‹
318 2978 447 3062 optime
471 2978 594 3045 tradita
626 2979 833 3045 dissolvatur.
880 2979 929 3045 At
950 2979 1126 3044 lectionem
1163 2991 1334 3046 ›urentes‹
1371 2989 1461 3045 certe
1491 2982 1599 3060 magis

104 3089 299 3150 expressam
325 3073 497 3151 magisque
521 3071 687 3154 poeticam
711 3089 785 3133 esse
810 3079 931 3150 sponte
954 3067 1168 3154 intellegitur,
1197 3077 1295 3153 quam
1324 3068 1524 3135 Sidonianus
1547 3070 1620 3156 hic¹

103 3158 200 3222 locus
224 3170 302 3242 apte
324 3159 436 3222 fulcire
453 3161 599 3243 videtur3
622 3178 719 3241 quem
745 3161 847 3223 secuti
871 3158 1062 3240 scripturam
1089 3171 1260 3226 »urentes«
1281 3162 1374 3223 unice
1397 3179 1511 3223 veram
1525 3177 1598 3222 esse

25 3301 28 3306 .
103 3258 249 3312 statuere
275 3267 340 3312 non
366 3249 629 3330 dubitabimus¹).

212 3392 332 3475 Neque
367 3413 446 3456 vero
482 3393 621 3459 alterum
656 3392 752 3457 huius
790 3393 986 3475 panegyrici
1021 3392 1130 3456 locum
1164 3391 1199 3456 in
1235 3394 1344 3457 medio
1381 3390 1600 3476 proposuisse

104 3482 245 3565 pigebit,
271 3485 362 3546 cuius
385 3501 509 3564 aequas
533 3484 601 3547 sere
625 3494 737 3566 partes
752 3494 854 3565 poeta
870 3483 1105 3565 Lugdunensis
1122 3481 1264 3547 Horatio
1281 3483 1384 3548 debet
1407 3494 1440 3548 et
1464 3483 1600 3566 Papinio

104 3569 226 3637 Statio.
273 3572 433 3654 Disputat
457 3572 542 3636 enim
566 3575 608 3636 de
632 3573 760 3636 Hunnis
784 3583 885 3654 poeta
909 3573 940 3636 in
964 3593 1062 3639 carm.
1086 3569 1131 3648 Π,
1152 3593 1184 3638 ν.
1207 3571 1272 3638 262
1296 3591 1368 3656 sqq.

366 3765 403 3784 ..
430 3763 437 3781 .
461 3718 519 3779 vix
542 3727 679 3780 matre
710 3737 862 3781 carens
895 3728 930 3781 ut
953 3717 1100 3781 constitit
1123 3715 1239 3792 infans,

365 3825 444 3869 mox
468 3809 607 3888 praebet
632 3809 767 3869 dorsum
792 3804 947 3889 sonipes;
973 3816 1116 3887 cognata
1140 3827 1232 3870 reare

366 3897 513 3959 membra
537 3894 634 3958 viris:
658 3897 704 3960 ita
728 3916 860 3979 semper
883 3913 1000 3977 equo
1024 3915 1084 3958 ceu
1108 3894 1194 3960 fixus
1218 3895 1469 3962 adhaeret.
1494 3948 1500 3962 .
1525 3944 1532 3961 .

106 4039 175 4102 Suo
208 4040 276 4102 iure
307 4039 471 4103 Rudolsus
496 4039 712 4120 Bitscholsky
736 4038 755 4104 l.
781 4040 801 4108 l.
826 4061 859 4122 p.
884 4039 927 4104 24
960 4038 1052 4103 illum
1085 4040 1193 4103 locum
1226 4042 1491 4123 componendum
1524 4059 1598 4102 esse

105 4132 222 4194 statuit
238 4147 313 4192 cum
330 4127 482 4193 versibus
499 4128 668 4211 Statianis,
694 4149 778 4211 quos
806 4131 948 4211 scriptos
964 4133 1144 4212 reperimus
1170 4133 1200 4193 in
1216 4131 1320 4197 Theb.
1339 4128 1426 4204 VllI,
1444 4127 1510 4192 392
1526 4146 1600 4212 sqq.

387 4293 528 4355 corpora
551 4293 611 4336 ceu
636 4272 731 4338 mixti
753 4274 896 4336 dominis
921 4274 1052 4354 irasque
1075 4275 1250 4339 sedentum

388 4365 565 4428 induerint:
591 4365 637 4427 sic
661 4363 750 4426 irena
774 4372 894 4436 terunt,
918 4364 965 4425 sic
989 4361 1118 4445 proelia
1142 4375 1284 4447 poscunt

387 4453 513 4518 hinnitu
538 4451 721 4534 tolluntque
747 4471 855 4516 armos
880 4454 1091 4536 equitemque
1115 4455 1277 4537 supinant.

107 4596 202 4678 Quae
227 4596 377 4661 aemulus
401 4596 454 4661 ille
480 4616 546 4658 non
569 4595 611 4659 ab
635 4594 742 4661 Statio
767 4606 934 4662 mutuatus
958 4607 1024 4672 est,
1050 4594 1219 4680 decerpsit
1242 4617 1260 4660 e
1284 4599 1448 4678 poematis
1472 4595 1598 4683 Flacci;

107 4690 143 4839 {Vss
159 4689 203 4840 ῗῗ
226 4684 360 4858 {gythis
385 4685 547 4770 Getisque
572 4684 774 4751 mentionem
800 4685 876 4752 facit
906 4689 937 4750 in
969 4706 1068 4750 carm.
1094 4683 1153 4766 ΙΙΙ,
1178 4684 1230 4764 24,
1254 4687 1308 4750 ubi
1332 4687 1415 4752 haec
1447 4686 1600 4769 leguntur

503 4899 741 4966 illicmatre
777 4903 1064 4967 carentibus
1165 4939 1166 4944 κ

503 4989 664 5074 privignis
698 4991 813 5054 mulier
837 5004 1000 5074 temperat
1024 4994 1201 5078 innocens;

221 5132 242 5200 ¹)
263 5135 348 5186 Multo
370 5137 475 5188 minoris
494 5153 555 5188 sane
575 5137 697 5187 momenti
717 5137 735 5186 ii
758 5137 810 5188 loci
830 5137 957 5191 videntur.
977 5153 1042 5202 quos
1062 5138 1094 5188 0.
1114 5137 1268 5190 Kellerus'l.
1283 5137 1300 5186 1.
1322 5137 1461 5202 congessitss
