3876 5604
883 391 1061 460 -33-

569 610 684 675 minaci
709 629 938 674 murmure
961 631 1192 676 cornuum

566 701 761 782 perstringis
785 720 889 777 aures,
914 700 978 764 iam
1002 699 1071 766 litui
1094 710 1339 784 strepunt;

224 836 258 890 et
282 826 357 890 ibid.
380 847 410 890 v.
434 823 476 890 22

297 955 300 960 ’
566 953 1306 1036 nonindecoropulveresordidos.

222 1079 308 1142 adde
330 1078 411 1142 Hor.
436 1075 533 1160 epist.
558 1077 583 1162 I,
610 1081 660 1155 17,
687 1078 706 1144 Ι
730 1078 850 1163 (pulvis
874 1081 1097 1164 strepitusque
1121 1081 1286 1165 rotarum).

329 1202 486 1268 Nonnihil
509 1207 552 1270 ad
574 1204 778 1288 Apollinaris
801 1225 925 1281 versus,
950 1207 992 1270 de
1009 1206 1134 1312 qpibus
1158 1227 1268 1272 sermo
1291 1206 1360 1290 fuit,
1391 1207 1612 1275 conficiendos
1644 1209 1712 1276 eius

222 1292 400 1460 leescttionem
416 1294 631 1450 lgltperppirqnam
654 1316 693 1360 ac
717 1295 894 1378 praecipue
917 1296 1078 1377 carminis,
1102 1298 1143 1374 ΙΙ,
1171 1301 1184 1363 l
1212 1297 1434 1380 cognitionem
1458 1299 1616 1409 attulisse,
1639 1302 1712 1383 quis

308 1402 363 1468 qur
385 1403 417 1448 ιι

860 1545 1072 1558 -——-.—.

325 1721 397 1788 Iam
422 1744 501 1790 vero
525 1726 755 1807 disputationis
780 1727 863 1790 ordo
887 1746 948 1790 nos
985 1747 1027 1790 eo
1051 1724 1197 1806 deducit,
1222 1738 1258 1794 ut
1291 1728 1323 1800 in
1355 1727 1429 1792 illos
1452 1727 1579 1794 Sidonii
1614 1729 1708 1794 locos

219 1817 445 1896 quaestionem
469 1815 685 1893 instituamus,
711 1817 766 1896 qui
800 1813 990 1899 singulatim
1024 1837 1068 1880 ex
1100 1816 1234 1898 singulis
1257 1817 1373 1881 Musae
1403 1817 1607 1884 Horatianae
1641 1839 1708 1883 car·

219 1903 359 1968 minibus
383 1905 476 1985 petiti
499 1906 661 1971 videntur.
709 1905 838 1988 Quam
863 1926 898 1969 re
921 1906 1092 1970 tractanda
1115 1908 1199 1970 ab
1191 1908 1229 1970 ris
1253 1904 1336 1970 locis
1369 1905 1497 1973 initium
1525 1909 1706 1994 capiamus,

217 1994 248 2056 in
273 1990 395 2075 quibus
417 1996 626 2058 recensendis
649 1995 747 2078 plane
771 1995 950 2077 conspicua
974 1994 1072 2058 nobis
1096 1996 1327 2062 constituenda
1351 2008 1402 2063 est
1426 1999 1598 2064 mutuatio.

324 2117 531 2183 Describitur
566 2121 665 2202 igitur
700 2121 743 2184 ab
778 2121 918 2187 Horatio
957 2143 983 2187 c.
1021 2118 1084 2198 ΙΠ,
1123 2122 1139 2185 1
1178 2143 1207 2188 v.
1241 2121 1284 2188 33
1318 2141 1376 2206 sq.‚
1410 2133 1534 2207 quanta
1555 2123 1707 2188 homines

216 2206 425 2272 festinatione
449 2230 533 2291 opes
557 2207 749 2291 lucrumque
773 2213 985 2288 insectentur,
1021 2222 1057 2276 ut
1081 2209 1182 2276 etiam
1207 2212 1308 2276 maria
1341 2233 1399 2277 seu
1423 2213 1621 2295 piscinarum
1646 2235 1702 2279 seu

216 2297 462 2379 splendidarum
488 2299 647 2363 domuum
672 2302 945 2365 exstruendarum
968 2320 1068 2364 causa
1091 2303 1323 2383 reprimantur·

557 2435 816 2492 contracta
840 2429 948 2509 pisces
971 2444 1187 2510 aequora
1211 2429 1355 2493 sentiunt

559 2515 652 2581 iactis
675 2518 707 2578 in
730 2515 833 2581 altum
857 2535 890 2580 m
903 2538 924 2579 o
937 2516 947 2579 l
959 2519 968 2579 i
981 2517 1003 2581 b
1017 2539 1037 2581 u
1050 2538 1080 2604 s;
1104 2516 1168 2580 huc
1191 2515 1346 2599 frequens

559 2615 732 2671 caementa
754 2607 897 2672 demittit
922 2608 1114 2689 redemptor
1138 2626 1166 2672 e.
1190 2625 1221 2686 q.
1245 2627 1271 2672 s.

216 2729 340 2794 Sidonii
364 2749 497 2816 quoque
522 2729 631 2794 locum
656 2750 730 2794 cum
754 2730 810 2795 illo
834 2734 1094 2814 comparandum
1117 2733 1282 2816 integrum
1313 2731 1403 2798 lubet
1427 2733 1623 2809 exscribere,
1648 2734 1704 2818 qui

215 2818 375 2901 reperitur
398 2819 432 2882 in
456 2822 660 2902 panegyrico
683 2820 911 2886 Anthemiano
935 2823 967 2905 (c
1002 2820 1044 2900 ΙΙ,
1069 2843 1100 2886 v.
1125 2821 1168 2888 56
1192 2820 1294 2906 sqq.):

398 2947 559 3028 »porrigis
583 2945 752 3028 ingentem
776 2945 934 3030 spatiosis
958 2948 1132 3012 moenibus
1150 2949 1282 3051 urbem,

393 3055 492 3117 quam
517 3048 629 3099 tamen
652 3046 827 3118 angustam
851 3037 995 3119 populus
1019 3040 1113 3115 lacit3
1135 3038 1269 3122 itur
1261 3057 1292 3101 ιιι
1316 3052 1399 3122 aeq
1413 3061 1432 3102 u
1446 3059 1496 3102 or

394 3124 600 3189 molibus
625 3135 660 3189 et
682 3136 812 3191 veteres
835 3124 934 3191 tellus
957 3147 1045 3190 nova
1068 3089 1326 3216 cbntrabit
1349 3129 1509 3194 undas

209 3253 313 3316 Miror
348 3273 427 3317 sane
459 3255 668 3336 propositam
698 3252 784 3316 hanc
816 3254 1032 3319 imitationem
1066 3273 1086 3316 a
1110 3237 1254 3318 demine
1286 3272 1360 3318 esse
1392 3264 1697 3333 commemoratam,

209 3343 360 3422 quamvis
397 3344 439 3407 dc
473 3343 558 3408 illius
592 3343 669 3422 fide,
704 3344 764 3406 nisi
800 3345 910 3407 omnia
946 3363 999 3407 me
1024 3340 1149 3423 fallunt,
1183 3345 1215 3406 in
1252 3342 1369 3406 nullius
1392 3344 1503 3406 animo
1527 3343 1699 3426 scrupulus

209 3433 316 3514 possit
340 3442 473 3499 restare.
521 3433 685 3515 Quocirca
702 3430 919 3517 Geislerum¹)
944 3433 1093 3515 aliosque
1118 3435 1288 3512 erravisse,
1312 3434 1368 3514 qui
1390 3434 1478 3496 bunc
1494 3430 1572 3500 Solii
1589 3433 1697 3498 locum

208 3523 358 3586 conferre
382 3522 557 3588 voluerunt
581 3544 655 3587 cum
679 3523 761 3588 Hor.
786 3542 813 3590 c
836 3521 877 3597 Il,
905 3522 945 3587 18
970 3543 1000 3588 v.
1025 3522 1067 3587 20
1091 3543 1139 3604 sq.
1167 3523 1350 3603 »marisque
1374 3522 1450 3586 Bais
1474 3522 1699 3604 obstrepentis

208 3633 306 3694 urges
333 3609 335 3697 l
369 3613 568 3676 submovere
603 3612 715 3678 litora«
749 3647 793 3660 -
826 3613 881 3676 ubi
915 3622 1043 3679 tantum
1075 3613 1271 3678 sententiam
1306 3610 1445 3676 similem
1479 3611 1619 3728 legimus
1653 3649 1697 3660 -

208 3713 326 3782 parato
350 3712 384 3767 te
407 3705 534 3788 animo
542 3721 776 3767 concessurum
806 3722 879 3766 esse
902 3701 1042 3767 confido.

313 3828 500 3893 Comitatur
523 3837 644 3911 autern,
678 3839 713 3894 ut
737 3828 801 3892 hoc
831 3830 962 3903 addam,
995 3828 1206 3893 Sidonium
1198 3848 1230 3890 ιιι
1261 3828 1324 3891 hac
1355 3828 1534 3892 imitatione
1559 3793 1694 3910 Seneca,

206 3919 257 3981 cui
281 3919 423 3982 eundem
446 3918 556 3981 Flacci
579 3917 689 3981 locum
713 3929 791 3983 ante
828 3919 942 3983 oculos
967 3919 1179 3983 obversatum
1214 3937 1288 3982 esse
1310 3916 1505 4000 Zingerlcus
1528 3917 1639 3982 docuit
1663 3921 1694 3980 in

205 4007 287 4072 libro
321 4008 389 4071 »Zu
422 4014 506 4089 spat.
539 4007 593 4072 lat.
626 4008 756 4075 nicht«
794 4006 819 4084 Ι,
855 4029 887 4090 p.
914 4009 975 4088 19;
1009 4008 1101 4072 locus
1132 4006 1185 4071 ille
1209 4017 1260 4072 est
1283 4010 1358 4072 Seri.
1382 4005 1549 4090 Thyesta)
1572 4028 1602 4071 v.
1627 4006 1694 4072 459

207 4109 316 4164 »retro
341 4118 431 4162 mare
455 4095 543 4162 iacta
565 4100 718 4180 fugamus
742 4096 861 4174 mole«,
887 4119 955 4180 quo
987 4118 1084 4162 versu
1108 4095 1270 4161 Senecam
1294 4095 1403 4161 Flacci
1426 4096 1566 4180 vestigia
1590 4094 1693 4162 multo

203 4186 311 4252 levius
335 4207 434 4269 quam
458 4185 687 4269 Apollinarem
711 4199 921 4270 persecutum
946 4208 1020 4252 esse
1044 4196 1148 4269 patet.

309 4312 372 4379 Cui
395 4311 567 4378 imitationi
590 4314 766 4378 commode
790 4313 983 4379 adnectetur
1006 4313 1155 4395 geminus
1180 4311 1272 4376 locus
1292 4312 1419 4388 Horati,
1437 4313 1510 4377 dico
1533 4332 1561 4380 c.
1584 4311 1623 4394 ΙΙ,
1650 4312 1707 4378 ln

201 4426 231 4472 v.
257 4409 275 4472 1
301 4425 384 4486 sqq,
415 4403 469 4466 ubi
501 4414 601 4484 poeta
632 4404 710 4467 dum
734 4413 865 4486 patrum
899 4414 1041 4469 aetatem
1066 4401 1217 4468 laudibus
1241 4401 1345 4479 effert,
1373 4422 1432 4466 sua
1453 4413 1605 4485 tempora
1628 4403 1691 4467 bac

202 4493 313 4559 adficit
336 4493 608 4575 reprehensione:

508 4617 596 4682 ‚iarn
620 4640 726 4702 pauca
750 4630 860 4684 aratro
884 4620 996 4702 iugera
1020 4620 1131 4700 regiae

504 4709 609 4773 moles
633 4707 830 4790 relinquent,
856 4706 1071 4789 undique
1096 4707 1248 4772 latius

504 4810 641 4864 extenta
664 4799 889 4862 visentur
912 4796 1124 4862 Lucrino
1150 4793 1154 4882 l
1180 4809 1298 4880 stagna
1321 4796 1424 4862 lacu«.

199 4905 410 4916 auu——

309 4939 327 5010 ¹)
348 4944 408 4994 diss.
427 4959 486 5009 pag.
508 4945 560 5006 13,
580 4943 681 4995 addidit
701 4944 768 4994 Plin.
787 4958 827 5007 ep.
849 4943 894 5005 v1,
914 4945 948 4993 20
968 4945 997 5009 9;
1017 4942 1090 4996 Vlll.
1110 4943 1145 4991 20
1166 4942 1193 5002 73
1213 4942 1315 4996 Petron.
1336 4957 1361 5006 p.
1383 4938 1441 4998 159.
1464 4943 1479 4991 b
1499 4956 1534 5006 sq.

306 5010 327 5077 ²)
350 5017 447 5067 Seneca
466 5017 493 5066 in
513 5012 687 5066 studiosorum
708 5015 797 5065 Flacci
817 5015 973 5065 aemulorum
993 5028 1097 5064 numero
1116 5014 1283 5078 reponendus
1303 5020 1349 5062 est.
1370 5014 1410 5066 Cl.
1433 5012 1520 5078 Spika,
1541 5013 1572 5062 de
1592 5012 1683 5062 imita·

201 5085 274 5136 tione
288 5087 395 5137 Horatii
409 5088 435 5137 in
451 5089 563 5138 Senecae
579 5088 689 5137 canticis
704 5087 785 5148 chori,
800 5087 913 5140 Vindob.
929 5086 1011 5150 18903
1025 5085 1173 5148 Zingerleus
1186 5085 1212 5135 in
1228 5085 1293 5136 libro
1308 5085 1413 5135 laudato
1430 5085 1550 5134 nonnulla
1565 5085 1681 5150 exempla

199 5159 317 5223 praebet.
339 5185 369 5195 -
393 5159 459 5210 Num
478 5155 639 5226 Apollinaris
658 5160 771 5210 Senecae
790 5173 881 5224 gnarus
901 5158 987 5211 luerit.
1013 5158 1094 5206 adhuc
1113 5156 1268 5221 ignoramus.

1633 5264 1651 5312 b
