3876 5604
1006 325 1181 390 -38-

348 535 552 602 Horatianus
577 546 687 602 autem
711 537 812 615 locus,
837 559 936 621 quern
959 540 991 602 in
1014 541 1124 604 animo
1148 540 1320 620 habemus,
1353 544 1385 605 in
1409 543 1525 607 eadem
1549 541 1692 624 epistula
1716 551 1857 618 exstat,

348 645 447 706 quam
473 628 575 692 modo
599 625 781 710 attigimus,
804 626 880 693 dico
905 650 955 712 ep.
979 629 1003 702 Ι,
1031 631 1080 712 12,
1105 651 1137 696 ν.
1162 631 1181 694 7
1207 652 1259 714 sq.

641 772 668 834 si
691 771 776 836 iorte
801 772 833 834 in
858 773 968 836 medio
992 773 1203 858 positorum¹)
1228 775 1409 840 abstemius
1432 775 1543 840 herbis

639 859 725 924 vivis
749 873 783 926 et
807 863 918 938 urtica,
944 865 990 924 sic
1013 863 1104 926 vives
1129 865 1278 944 protinus
1303 919 1310 932 .
1336 919 1342 932 .
1367 914 1374 930 .

346 1001 483 1066 Praeter
506 1023 613 1067 rerum
638 1025 835 1069 consensum
859 1009 890 1069 in
922 1004 958 1070 id
990 1009 1196 1088 potissimum
1220 1029 1345 1091 quaeso
1369 1010 1512 1072 animum
1545 1007 1704 1082 intendas,
1743 1008 1849 1088 quod

348 1099 484 1172 uterque
515 1104 629 1158 auctor
660 1095 747 1159 dicta
782 1095 1000 1160 ›abstemius‹
1037 1109 1069 1161 et
1106 1097 1209 1162 »vivis
1241 1111 1293 1163 et«
1330 1099 1357 1182 (s
1407 1099 1526 1161 »ducis'
1548 1109 1599 1162 et«
1635 1098 1772 1180 aevum)
1811 1094 1853 1158 in

348 1181 464 1244 eadem
488 1202 604 1248 versus
627 1185 705 1248 sede
729 1183 890 1249 collocata
914 1187 1061 1268 praebet.

454 1325 522 1390 Sed
545 1327 610 1390 iam
633 1327 716 1391 alios
740 1327 831 1393 locos
855 1328 1053 1411 perlustrare
1077 1329 1250 1393 consilium
1274 1341 1333 1408 est,
1365 1329 1422 1412 qui
1447 1330 1534 1393 haud
1558 1327 1684 1392 laxiore
1709 1347 1848 1410 cogna-

346 1415 437 1478 tione
461 1416 544 1480 inter
568 1436 641 1480 sese
666 1420 832 1483 coniuncti
856 1431 940 1486 sunt.
995 1419 1113 1483 Sollius
1138 1421 1169 1482 in
1193 1419 1339 1483 carmine
1362 1421 1518 1483 vicesimo
1548 1418 1653 1484 altero
1677 1438 1849 1500 agrorum

346 1501 550 1570 fertilitatem
573 1506 636 1570 hac
660 1518 757 1572 ornat
780 1506 875 1573 laude
899 1529 929 1572 v.
958 1510 1018 1574 169
1043 1529 1092 1590 sq.

560 1650 703 1732 desuper
726 1653 758 1713 in
783 1651 918 1734 longum
943 1655 1101 1733 porrectis
1125 1653 1243 1715 horrea
1267 1653 1364 1717 tectis

560 1752 711 1805 crescunt
735 1751 834 1821 atque
857 1741 977 1822 amplis
1000 1752 1180 1823 angustant
1201 1739 1388 1826 fructibus‘2)
1411 1742 1522 1804 aedes.

559 1829 622 1891 huc
646 1827 759 1894 veniet
781 1828 895 1893 calidis
919 1842 1078 1911 quantum
1103 1829 1199 1896 metit
1222 1829 1338 1894 Africa
1362 1833 1468 1904 terris,

560 1929 720 1999 quantum
744 1919 798 1983 vel
818 1919 966 1995 Calaber,
991 1932 1149 2002 quantum
1173 1921 1250 1985 colit
1267 1921 1397 2002 Apulus
1421 1941 1505 2000 acer,

559 2018 717 2089 quantum
742 2009 928 2092 Mygdonio
952 2013 1163 2074 committunt
1187 2009 1335 2092 Gargara
1359 2010 1461 2075 sulco.

345 2147 446 2212 Cuius
472 2149 700 2232 descriptionis
725 2153 869 2216 rationes
885 2151 1056 2216 Arvernus
1080 2151 1132 2215 ille
1150 2155 1266 2217 doctus
1283 2174 1301 2216 e
1318 2154 1426 2216 Flacci
1444 2148 1608 2233 poematis
1633 2146 1839 2229 repetivisse

344 2238 477 2301 videtur
499 2259 539 2302 ac
562 2241 739 2324 praecipue
764 2242 860 2304 nixus
884 2262 958 2304 esse
981 2242 1111 2307 Horatii
1134 2262 1231 2308 carru.
1252 2241 1311 2324 ΙΙΙ,
1337 2241 1378 2307 16
1402 2265 1432 2306 v.
1456 2241 1499 2306 26
1523 2261 1572 2322 sq.

699 2404 798 2468 quam
823 2383 861 2460 si,
886 2387 1044 2468 quidquid
1069 2399 1139 2452 arat
1164 2388 1302 2471 impiger
1326 2385 1466 2469 Apulus,

700 2474 865 2539 occultare
890 2476 971 2540 meis
996 2478 1122 2540 dicerer
1145 2477 1290 2556 horreis;

559 2619 636 2686 ibid.
661 2639 692 2682 v.
718 2621 761 2685 30
785 2642 834 2703 sq.
881 2623 1005 2704 segetis
1029 2635 1119 2688 certa
1142 2623 1222 2686 fides
1248 2642 1341 2685 meae

877 2711 1057 2794 fulgentem
1079 2715 1218 2796 imperio
1243 2709 1358 2776 fertilis
1375 2709 1527 2791 Africae;

555 2799 631 2865 ibid.
655 2819 686 2862 v.
713 2798 755 2862 33
880 2821 1079 2884 quamquam
1104 2823 1164 2866 nec
1192 2800 1350 2867 Calabrae
1376 2851 1383 2864 .
1411 2847 1450 2864 ..

557 2909 587 2952 v.
612 2889 653 2951 41
881 2911 980 2972 quarn
1004 2894 1031 2954 si
1055 2889 1250 2975 Mygdoniis
1275 2925 1316 2936 -
1340 2886 1468 2970 campis
1492 2889 1694 2953 continuem.

342 3029 572 3110 Apollinarem
604 3031 669 3095 hoc
701 3054 834 3115 quoque
866 3034 939 3096 loco
972 3056 1037 3098 non
1069 3046 1137 3100 tam
1168 3037 1200 3099 in
1232 3034 1381 3108 formam,
1413 3053 1513 3114 quam
1545 3034 1577 3094 in
1608 3050 1661 3092 res
1686 3038 1833 3091 mentem

342 3118 548 3184 convertisse
573 3124 680 3204 primo
704 3122 821 3187 obtutu
847 3123 1012 3205 legentem
1046 3124 1235 3208 agniturum
1260 3144 1332 3188 esse
1360 3133 1452 3204 puto.
1499 3119 1534 3185 Si
1566 3116 1666 3202 igitur
1698 3115 1833 3198 singula

340 3219 538 3288 spectamus,
563 3212 703 3292 primum
735 3214 879 3275 omnium
912 3234 1021 3278 rerum
1046 3216 1227 3279 notandum
1253 3225 1304 3278 est
1327 3213 1565 3276 aemulatorem
1589 3229 1695 3291 prope
1720 3209 1832 3270 omnia

340 3301 471 3362 nomina
487 3302 619 3381 propria
635 3302 677 3364 ab
693 3301 834 3366 Horatio
852 3304 1117 3384 deprompsisse;
1135 3307 1260 3385 recepit
1275 3305 1361 3365 enirn
1377 3301 1464 3366 nulla
1480 3301 1676 3364 necessitate
1693 3308 1830 3360 coactus

340 3385 432 3453 talia:
456 3388 579 3468 Africa,
596 3389 737 3472 Apulus,
758 3391 906 3467 Calaber,
924 3393 1136 3475 Mygdonius,
1155 3395 1331 3456 verborum
1349 3394 1463 3455 ordine
1480 3391 1595 3454 leviter
1612 3398 1828 3452 commutato.

339 3477 463 3541 Sidonii
494 3490 606 3543 autem
636 3480 746 3544 animo
777 3479 924 3561 prolatos
949 3481 1078 3547 Horatii
1110 3503 1224 3547 versus
1256 3481 1348 3544 firme
1380 3479 1563 3544 inhaesisse
1595 3478 1650 3542 vel
1681 3479 1756 3540 inde
1781 3478 1825 3537 in-

339 3565 449 3650 tellegi
473 3580 594 3650 potest,
620 3571 710 3651 quod
736 3572 864 3653 utrique
895 3573 1046 3654 scriptori
1070 3593 1136 3636 non
1170 3573 1290 3636 desunt
1321 3569 1533 3648 elocutiones,
1568 3589 1655 3650 quae
1690 3568 1825 3631 astricto

339 3677 419 3720 sane
443 3658 572 3720 vinculo
589 3659 672 3722 inter
689 3679 725 3722 se
744 3663 938 3724 coniunctae
954 3672 1039 3736 sunt,
1065 3662 1154 3726 velut
1173 3661 1424 3743 comprehensio
1443 3657 1624 3724 Sidoniana
1649 3665 1825 3738 ’quantum

339 3745 420 3810 colit
435 3747 568 3830 Apulus
592 3768 684 3810 acer«
713 3749 860 3830 perbene
883 3753 1063 3832 respondet
1086 3752 1286 3815 Horatianae
1310 3747 1357 3812 illi
1384 3747 1565 3831 »quidquid
1590 3758 1660 3811 arat
1684 3747 1825 3826 impiger

338 3835 531 3924 Apulus‹³).
585 3835 726 3902 Etiamsi
758 3840 790 3902 in
830 3838 947 3903 nullius
980 3852 1090 3905 mente
1123 3840 1310 3921 scrupulum
1352 3851 1476 3903 restare
1509 3836 1711 3910 existimem,
1748 3833 1824 3916 quin

338 3921 498 3990 Sidonius
521 3926 608 3990 hunc
624 3927 833 4008 potissimum
849 3930 958 3992 Flacci
976 3929 1084 3993 locum
1102 3941 1177 3994 ante
1201 3929 1315 3992 oculos
1330 3929 1488 4004 habuerit,
1514 3939 1625 3992 tamen
1641 3926 1823 3988 Arvernum

338 4013 473 4080 alterius
496 4037 628 4098 quoque
653 4015 810 4082 carminis
833 4017 1007 4082 Horatiani
1032 4019 1192 4084 memoria
1215 4018 1379 4083 imbutum
1404 4038 1487 4096 esse,
1512 4037 1588 4080 cum
1611 4014 1687 4078 illos
1711 4033 1822 4077 versus
1923 4077 1924 4080 ,

337 4103 480 4187 scripsit,
506 4107 562 4170 vix
586 4117 646 4186 est,
671 4108 762 4189 quod
796 4127 958 4175 moneam.
1013 4108 1097 4190 Quis
1121 4108 1220 4187 enim,
1255 4110 1310 4191 qui
1333 4110 1417 4173 vatis
1442 4108 1603 4171 Venusini
1627 4106 1743 4187 poesin
1767 4099 1823 4164 ali-

338 4206 522 4277 quantenus
567 4195 767 4279 degustavit,
809 4218 874 4260 non
913 4198 1040 4263 recenti
1080 4209 1172 4263 tenet
1210 4200 1436 4263 recordatione
1475 4217 1591 4260 versus
1628 4190 1822 4258 notissimos

338 4289 379 4369 (c.
402 4283 430 4358 I,
466 4289 492 4361 l,
527 4285 646 4368 usq)
681 4286 799 4363 ullum,
829 4285 859 4350 si
892 4287 1030 4369 proprio
1061 4287 1210 4353 condidit
1240 4288 1370 4362 horreo,
1398 4284 1401 4373 l
1427 4284 1590 4368 quidquid
1624 4287 1665 4347 de
1689 4280 1822 4363 Libycis

337 4372 479 4439 verritur
503 4374 622 4455 areis«,
648 4374 770 4458 quibus
794 4377 945 4460 proiecto
978 4377 1162 4442 consimilis
1192 4375 1351 4441 orationis
1386 4379 1507 4440 modus·
1534 4372 1700 4439 indicatur
1727 4382 1821 4452 atque
1923 4453 1924 4458 ἵ

339 4463 518 4528 Sidoniano
543 4463 597 4528 illo
625 4467 788 4548 »desuper
811 4464 929 4530 horrea
944 4480 1095 4532 crescunt
1120 4504 1161 4514 —-
1186 4468 1249 4530 huc
1273 4468 1391 4542 veniet,
1417 4480 1575 4547 quantum
1592 4465 1684 4527 metit
1708 4459 1820 4523 Africa

446 4623 465 4696 ¹)
479 4628 535 4677 scil.
557 4628 683 4680 ciborum.

444 4715 465 4784 ¹)
487 4717 544 4767 Non
574 4719 660 4774 video,
690 4736 735 4770 cur
762 4720 913 4784 recipienda
941 4721 976 4770 sit
998 4720 1100 4770 Heinsii
1129 4720 1277 4770 coniectura
1308 4721 1467 4784 ‚,irugibus¹¹,
1497 4718 1617 4783 quoniam
1647 4732 1698 4766 vox
1727 4713 1818 4764 tradita

337 4786 470 4912 issimi?
499 4805 573 4840 sensu
603 4791 731 4855 „Ertrag”
763 4792 804 4840 hic
833 4798 956 4856 usurpata
984 4808 1041 4843 esse
1069 4798 1156 4858 potest
1179 4793 1248 4842 sicut
1271 4793 1350 4841 etiam
1376 4792 1440 4856 apud
1469 4793 1530 4842 Hor.
1560 4806 1601 4854 ep.
1632 4790 1651 4843 Ι,
1674 4790 1705 4837 12
1728 4789 1753 4848 1;
1774 4792 1818 4834 sat.

351 4898 357 4925 ,
396 4900 401 4913 .

443 4945 467 5014 3)
488 4950 630 5014 Epill.eton
660 4952 744 5001 simile
764 4953 850 5016 Apulo
879 4953 1032 5003 attributum
1062 4954 1170 5017 legimus
1199 4955 1266 5017 apud
1288 4955 1349 5002 Hori
1370 4954 1445 5016 epod.
1467 4955 1498 5014 ll,
1519 4954 1552 5002 42
1581 4949 1707 5018 (pernicis
1729 4950 1819 5014 Apuli)

336 5022 481 5158 zimffiqtsrg
508 5020 613 5130 illorum
641 5024 770 5074 nominum
803 5030 843 5072 snt
872 5025 1039 5088 singularium
1071 5025 1230 5089 compositio
1262 5025 1394 5075 invenitur
1424 5025 1497 5088 -apud
1530 5025 1619 5074 Sidon.
1653 5039 1730 5074 carm.
1765 5021 1817 5078 vll.
