3876 5604
963 365 1118 428 ..6-

401 575 501 659 Quod
525 587 634 642 autem
667 576 815 642 locorum
838 576 1137 660 comparandorum
1167 587 1372 642 momentum
1395 597 1434 642 ac
1467 580 1631 644 rationem
1654 578 1785 653 attinet,
1875 642 1877 657 ,

291 665 329 732 L.
341 665 443 748 Jeepii
457 667 654 731 sententiam
678 664 729 746 (cf.
746 665 794 730 Cl.
819 665 989 730 Claudiani
1012 685 1110 730 carm.
1133 664 1200 730 vol,
1225 663 1267 748 11,
1292 686 1324 748 p.
1350 666 1429 750 147)
1453 688 1588 750 prorsus
1612 667 1783 748 accipiam,

288 775 374 837 quae
396 755 480 818 haec
504 764 572 822 est:
599 755 738 820 »Utrum
761 755 788 818 is
812 774 953 836 semper,
978 775 1078 837 quem
1102 753 1268 820 attulimus
1292 755 1325 819 in
1349 757 1472 820 nostris
1496 757 1784 838 comparationum

288 844 533 925 conspectibus,
558 855 660 928 poeta
683 842 750 922 (vel
774 843 928 926 scriptor)
943 843 1048 918 luerit,
1073 864 1117 906 ex
1133 865 1199 924 quo
1223 844 1410 919 hauserunt,
1429 867 1513 928 quos
1538 846 1782 908 nominavimus

288 933 480 1020 imitatores,
516 953 558 996 an
592 931 676 999 alter
711 934 854 1017 quidam,
890 935 981 996 cuius
1017 933 1139 1013 scripta
1173 943 1206 996 et
1240 944 1396 1014 poemata
1432 936 1555 999 dudum
1589 945 1782 1016 temporum

288 1023 404 1085 iniuria
428 1022 600 1104 deperdita
636 1032 721 1099 sunt,
747 1042 831 1086 nunc
866 1033 1018 1087 accurate
1040 1022 1104 1087 dici
1140 1042 1206 1084 non
1230 1022 1306 1087 licet
1329 1023 1428 1086 latina
1464 1023 1648 1089 litteratura
1673 1025 1720 1085 sic
1745 1032 1783 1086 ut

181 1147 184 1154 ·
289 1110 413 1176 iactum
437 1121 489 1176 est
511 1121 692 1178 truncata«.
740 1109 890 1176 indicare
923 1113 1024 1176 modo
1058 1131 1234 1192 possumus
1270 1113 1409 1176 eandem
1441 1132 1512 1176 rem
1537 1112 1603 1176 iam
1637 1122 1735 1177 antea
1762 1131 1781 1174 a

289 1211 391 1282 poeta
414 1198 467 1265 vel
500 1202 659 1284 scriptore
692 1201 837 1282 quodam
860 1201 940 1266 item
975 1211 1148 1266 tractatam
1173 1220 1255 1275 esse,
1292 1201 1324 1264 id
1357 1202 1447 1282 quod
1483 1222 1525 1266 eo
1558 1203 1688 1284 dignius
1725 1210 1780 1266 est

288 1289 613 1364 commemoratione,
646 1309 714 1371 quo
734 1291 867 1371 seapius
901 1289 955 1353 vel
978 1291 1099 1355 certius
1131 1291 1283 1369 repetitio
1319 1291 1466 1355 eiusdem
1501 1300 1613 1373 potest
1637 1291 1779 1354 demon-

288 1379 394 1444 strari.
441 1377 495 1442 Sic
518 1379 652 1444 tandem
675 1381 905 1461 perveniemus
930 1399 995 1442 non
1019 1390 1146 1444 tantum
1170 1378 1213 1441 ad
1245 1376 1413 1442 meliorem
1437 1381 1599 1444 interioris
1622 1380 1781 1445 historiae

291 1466 473 1534 litterarum
497 1468 723 1531 Romanarum
759 1469 918 1543 notitiam,
954 1469 1012 1532 sed
1045 1469 1143 1532 etiam
1179 1468 1221 1531 ad
1256 1469 1424 1532 iustiorem
1456 1470 1524 1533 eius
1561 1489 1660 1550 quam
1695 1488 1782 1530 nunc

289 1557 426 1620 dicimus
443 1557 658 1623 aesthetlcam
682 1559 956 1640 aestimationem,
972 1577 992 1619 a
1016 1577 1081 1638 qua
1097 1558 1176 1621 satis
1200 1557 1299 1639 longe
1316 1577 1377 1620 nos
1393 1558 1501 1622 adhuc
1524 1557 1643 1621 abesse
1659 1555 1781 1639 piato.¹)
1881 1566 1884 1579 '

289 1645 402 1710 Unum
427 1645 506 1708 mihi
539 1645 744 1710 adiciendum
768 1665 842 1709 esse
876 1647 1015 1723 videtur,
1040 1646 1066 1709 si
1101 1644 1248 1709 aemulus
1272 1646 1404 1726 quidam
1439 1646 1526 1711 idem
1551 1647 1698 1727 exempli
1733 1648 1781 1710 sui

289 1751 422 1798 carmen
446 1732 500 1796 vel
523 1733 652 1799 solutae
676 1731 837 1798 orationis
872 1733 1032 1817 scriptum
1055 1735 1233 1799 identidem
1270 1732 1505 1816 significatione
1528 1732 1683 1817 appellat,
1723 1736 1780 1796 vix

288 1842 374 1976 οεεὲ,
401 1824 492 1904 quod
527 1822 726 1888 imitatorem
751 1843 795 1885 ex
818 1822 950 1887 alterius
985 1824 1152 1905 scriptoris
1177 1823 1260 1886 libro
1295 1843 1348 1885 res
1371 1843 1536 1905 vocesque
1570 1824 1780 1905 decerpsisse

288 1930 342 1976 cre
368 1931 470 1982 amus.

397 2036 457 2099 His
482 2035 629 2116 praecise
653 2038 814 2118 expositis
836 2039 900 2100 iam
932 2046 1045 2118 partes
1069 2055 1142 2100 sum
1166 2037 1406 2118 designaturus,
1443 2057 1524 2118 quas
1548 2038 1580 2100 in
1604 2037 1776 2102 tractanda

292 2123 356 2188 hac
380 2125 573 2207 quaestione
596 2125 750 2207 ampiecti
775 2126 853 2189 mihi
877 2127 983 2190 estin
1006 2126 1125 2190 animo.
1172 2123 1377 2189 Ordiendum
1401 2129 1487 2189 enim
1519 2127 1648 2190 videtur
1672 2127 1714 2189 ab
1739 2125 1777 2188 iis

291 2213 380 2288 lucis,
405 2213 524 2293 quibus
547 2213 749 2295 Apollinaris
773 2213 882 2278 Flacci
904 2216 1006 2296 ipsius
1030 2215 1230 2279 mentionem
1253 2212 1329 2278 facit
1351 2217 1405 2288 ita,
1444 2227 1480 2278 ut
1504 2235 1625 2278 nomen
1649 2215 1778 2278 Horatii

291 2303 440 2367 nominet
463 2300 517 2365 vel
540 2302 649 2365 locum
672 2303 756 2366 illius
779 2315 899 2385 poetae
923 2302 1069 2385 proferat
1092 2303 1206 2366 addito
1230 2305 1398 2385 scriptoris
1423 2305 1563 2369 nomine.
1588 2303 1624 2366 In
1647 2315 1778 2385 partem

288 2391 429 2456 alteram
467 2393 488 2454 ii
526 2390 587 2454 ioci
623 2392 792 2473 redigendi
830 2392 991 2469 videntur,
1040 2391 1157 2473 quibus
1199 2390 1351 2455 Sidonius
1394 2390 1561 2473 longiores
1595 2393 1776 2455 carminum

289 2483 547 2548 Horatianorum
571 2492 682 2564 partes
706 2483 751 2545 ita
764 2485 920 2564 respexit,
946 2493 982 2546 ut
1005 2493 1061 2545 aut
1084 2484 1121 2549 in,
1139 2480 1315 2543 verborum
1331 2485 1436 2547 forma
1459 2493 1515 2546 aut
1539 2483 1777 2544 sententiarum

288 2568 501 2634 similitudine
525 2569 747 2633 memorabilis
771 2571 909 2635 imitatio
933 2569 1114 2643 Sidoniana,
1135 2571 1251 2650 dispici
1274 2571 1389 2651 possit.
1422 2569 1521 2634 Tertii
1546 2589 1620 2634 esse
1645 2572 1779 2652 generis

289 2658 487 2724 arbitramur
510 2658 613 2736 locos,
647 2659 766 2739 quibus
790 2680 889 2722 voces
924 2659 1070 2741 singulae
1093 2671 1194 2740 atque
1228 2660 1541 2741 comprehensiones
1576 2658 1777 2734 adferuntur,

289 2768 375 2831 quae
399 2765 588 2811 sermonem
611 2749 721 2830 poesis
745 2747 944 2813 Horatianae
968 2748 1125 2813 redolent.
1159 2747 1285 2829 Quarta
1307 2749 1403 2811 huius
1427 2749 1658 2831 disputationis
1682 2761 1777 2830 parte
1871 2779 1879 2786 ·

288 2837 419 2901 illorum
457 2836 605 2900 locorum
641 2838 802 2902 rationem
840 2858 912 2901 sum
947 2839 1125 2912 habiturus,
1166 2838 1221 2918 qui
1255 2838 1298 2900 ad
1331 2857 1383 2901 res
1419 2840 1571 2902 metricas
1605 2849 1776 2919 spectant:

290 2927 449 3008 imprimis
473 2946 627 2990 versuum
663 2927 753 2989 initia
775 2925 1003 3008 clausulasque
1037 2929 1165 3008 utrique
1188 2937 1309 3009 poetae
1343 2947 1533 2991 communes
1571 2929 1602 2989 in
1637 2947 1778 2990 examen

288 3016 490 3080 vocabimus.
537 3015 573 3078 In
610 3015 722 3080 ultima
756 3016 834 3079 sede
867 3036 925 3079 eos
960 3017 1051 3079 iocos
1085 3034 1257 3096 ponemus,
1293 3017 1348 3097 qui
1382 3018 1424 3080 ad
1460 3015 1584 3080 Sidonii
1617 3017 1777 3096 epistulas

289 3113 452 3186 spectant.
498 3104 613 3168 Finem
636 3104 778 3185 denique
809 3106 992 3186 quaestioni
1015 3107 1221 3187 imponamus
1245 3107 1299 3180 ita,
1337 3115 1372 3170 ut
1396 3124 1452 3168 eas
1475 3125 1537 3178 res,
1575 3125 1656 3186 quas
1680 3106 1778 3167 variis

290 3194 371 3256 locis
395 3192 562 3274 dispersas
593 3192 839 3276 explicavimus,
875 3206 1094 3277 congregatas
1129 3193 1190 3256 sub
1225 3212 1324 3256 unum
1360 3204 1532 3275 aspectum
1570 3195 1779 3271 subiciamus,

291 3302 358 3363 quo
396 3282 537 3345 universi
575 3281 706 3358 fructus,
742 3285 797 3363 qui
829 3283 891 3346 hac
924 3304 966 3347 ex
999 3284 1191 3364 quaestione
1226 3283 1418 3358 redundant,
1455 3284 1629 3346 commode
1654 3283 1778 3365 percipi

288 3383 419 3453 queant.

396 3508 417 3579 ¹)
436 3512 548 3564 Maxime
568 3514 600 3578 Q.
619 3514 697 3564 Ennii
716 3516 818 3566 annales
838 3516 967 3566 interiisse
986 3516 1110 3568 dolemus,
1138 3529 1245 3578 quorum
1266 3531 1296 3564 ex
1317 3517 1466 3580 fragmentis
1486 3517 1629 3566 luculenter
1649 3515 1779 3581 perpici-

287 3602 351 3649 mus,
371 3585 442 3651 quali
461 3585 516 3635 iure
535 3591 630 3650 poetae
650 3587 750 3650 posteri
770 3588 794 3637 ei
814 3588 897 3652 patris
916 3603 1008 3637 nomen
1028 3585 1176 3636 indiderint.
1196 3586 1236 3638 Cl.
1256 3587 1288 3637 A.
1309 3588 1439 3652 Zingerlei
1462 3588 1586 3653 „Ovidius
1608 3604 1632 3637 u.
1653 3605 1674 3640 s.
1697 3587 1778 3636 Verh.

287 3654 388 3708 tuden
408 3657 599 3720 Vorgingern“.
638 3659 789 3723 Oenopont.
812 3655 888 3713 teir.
909 3659 971 3710 fasc.
993 3660 1025 3722 11,
1046 3673 1103 3723 pag.
1126 3659 1139 3706 1
1161 3674 1216 3722 sqq.
